2938 4922
763 201 798 256 38

346 381 348 388 ’
381 381 427 440 Et.
451 380 494 438 M.
520 381 589 446 710,
613 380 651 436 22
674 397 702 438 ν.
716 372 844 452 Σείριος
868 372 920 454 (cf.
943 377 1016 437 Mill.
1044 398 1074 455 p.
1098 376 1180 453 264).

310 479 410 562 ,,ἦμος
434 476 460 544 δ’
486 476 665 556 οὐρανόθεν
689 475 854 554 Μινωίδας
888 476 1005 556 ἔφλεγε
1031 478 1185 557 νήσους“.
1229 477 1349 542 Μινωί-

209 585 271 662 δας
294 583 378 658 λέγει
400 579 459 658 τὰς
483 577 648 656 Κυκλάδας
675 575 798 655 νήσους
825 575 889 641 ἀπὸ
915 581 972 641 τοῦ
995 577 1116 657 Μίνως.
1159 577 1286 658 Σείριος
1314 581 1350 644 δὲ

210 683 337 749 ὁκύων
360 681 449 747 ἐστὶν
471 678 592 758 ἀστήρ·
632 679 684 743 καὶ
715 678 837 757 εἴρηται
868 679 955 757 παρὰ
984 679 1043 756 τὴν
1063 680 1151 746 ζέσιν
1172 680 1293 759 Ζέριος·
1329 679 1349 758 ἢ

209 785 297 863 παρὰ
331 783 368 847 τὸ
402 783 553 847 ἐκκενοῦν
582 781 666 860 ἡμᾶς
701 778 815 858 ίδριῦσι
849 778 1033 860 ῥεομένους.
1066 783 1185 859 σειρεῐν
1216 781 1279 860 γὰρ
1312 782 1349 846 τὸ

211 885 392 950 ἀποκενοῦν
413 883 548 960 λέγεται.
577 884 598 960 ἢ
620 882 709 960 παρὰ
734 880 772 944 τό
794 882 969 959 σεσηρέναι
1002 881 1112 960 σέριος
1146 881 1198 946 καὶ
1218 881 1349 962 σείριος.

209 987 287 1067 τοὺς
309 986 370 1064 γὰρ
392 984 491 1064 κύνας
512 983 695 1063 διαχάσκειν
711 982 785 1047 τότε
806 985 904 1047 ποιεῖ·
927 982 1049 1068 ἢπαρὰ
1068 982 1106 1046 τό
1121 981 1197 1063 εἴρω
1213 983 1250 1047 τὸ
1266 983 1349 1060 λέγω

210 1088 309 1168 είριος
331 1088 383 1152 καὶ
406 1088 536 1168 σείριος.
575 1089 660 1162 λέγει
682 1086 743 1164 γὰρ
774 1086 827 1151 καὶ
849 1085 961 1164 μηνύει
983 1083 1057 1164 ἡμῖν
1079 1085 1137 1151 τόν
1160 1087 1271 1165 καιρόν
1292 1089 1351 1150 τοῦ

211 1191 337 1282 ῦέρους.
364 1189 442 1256 ἔνιοι
464 1190 500 1254 δὲ
522 1185 628 1254 πάντα
651 1187 690 1251 τὰ
713 1185 817 1264 ἄστρα
840 1186 945 1266 σείρια
966 1188 1111 1258 καλοῦσι,
1143 1187 1249 1266 τείρεα
1271 1185 1351 1252 ὄντα

211 1293 262 1356 καὶ
283 1295 400 1370 σημεῖα
421 1297 488 1355 τιῦν
513 1289 689 1355 πλεόντων.
731 1286 769 1352 ‘O
792 1289 827 1354 δὲ
848 1287 1040 1367 Ἀντίμαχος
1056 1287 1183 1368 Σείρινα
1205 1287 1262 1352 τὸν
1284 1285 1351 1354 Δία

209 1394 273 1484 ἔφη
295 1393 407 1459 διὰτὸ
430 1391 561 1472 ἄστρον.

616 1547 715 1608 Schol.
737 1548 795 1621 Ap.
819 1546 847 1604 II
870 1547 941 1606 517.
1011 1545 1014 1552 '

311 1647 452 1727 Σείριος·
474 1647 546 1726 ἤτοι
560 1646 648 1726 παρὰ
670 1646 728 1723 τὴν
751 1646 838 1711 ζέσιν
860 1643 977 1723 Ζείριος
999 1644 1051 1709 καὶ
1072 1643 1205 1724 σείριος.
1226 1644 1245 1722 ἢ
1263 1646 1352 1723 παρὰ

162 1801 164 1806 ,
209 1752 247 1816 τὸ
270 1751 422 1815 ἐκκενοῦν
454 1749 539 1829 ἡμᾶς
569 1748 684 1828 ἱδρῶσι
707 1747 898 1828 ῥεομένους·
928 1750 1058 1826 σηροῦν
1079 1746 1141 1824 γὰρ
1164 1746 1202 1810 τὸ
1224 1750 1350 1812 κενοῦν.

209 1850 309 1932 ἢτοῦ
339 1851 514 1931 σεσηρέναι
546 1847 666 1928 αἴτιος·
703 1849 780 1927 τοὺς
802 1851 881 1924 γοῦν
904 1848 1005 1927 κύνας
1037 1839 1266 1926 διασεσηρέναι
1298 1849 1352 1912 καὶ

210 1953 343 2034 χάσκειν
364 1957 456 2017 ποιεῖ.
498 1952 517 2030 ἢ
540 1952 628 2032 παρὰ
648 1951 685 2017 τὸ
709 1951 855 2015 σείεσθαι
877 1950 929 2014 καὶ
951 1949 1140 2014 πάλλεσθαι.
1170 1949 1289 2028 ὁμοίως
1313 1949 1351 2014 δὲ

211 2055 262 2119 καὶ
283 2053 388 2119 πάντα
410 2053 577 2134 τὰίᾶστρα
600 2054 704 2132 σείρια
727 2055 890 2130 καλοῦσιν,
924 2049 994 2116 οἷον
1011 2121 1012 2126 1
1027 2049 1134 2128 τείρεά
1166 2070 1236 2114 τινα
1272 2048 1353 2114 ὄντα

211 2157 262 2222 καὶ
284 2159 400 2236 σημεῖα
419 2161 483 2221 τῶν
505 2156 740 2234 πλωιζομένων.
778 2154 808 2218 οἱ
841 2154 948 2230 μέντοι
979 2150 1175 2230 ἀστρολόγοι
1205 2151 1282 2230 τοὺς
1315 2151 1353 2216 ἐν

135 2253 136 2256 '
211 2258 333 2337 κινήσει
355 2257 454 2336 ὄντας
478 2255 619 2337 ἀστέρας
643 2257 784 2335 σειρίους
799 2257 971 2319 καλοῦσιν.
1019 2333 1021 2338 ,

211 2415 338 2475 Accedit
360 2415 391 2472 in
411 2415 459 2476 Et.
482 2414 524 2475 M.
547 2413 745 2490 veriloquium
767 2431 786 2470 a
808 2431 885 2472 voce
913 2408 998 2488 εἴρω,
1037 2413 1121 2488 quod
1153 2429 1216 2469 non
1248 2419 1295 2468 est
1320 2410 1354 2468 in

211 2517 344 2593 scholio;
381 2517 495 2574 deinde
514 2517 721 2574 testimonium
741 2517 854 2591 petitur
876 2514 914 2572 ab
938 2513 1135 2583 Antimacho,
1168 2512 1218 2588 qui
1240 2511 1354 2571 dicitur

210 2619 312 2676 lovem
335 2613 504 2692 ,,Σείρινα“
527 2618 744 2694 appellavisse:
767 2625 956 2693 temptavere
977 2615 1027 2673 alii
1049 2615 1192 2690 oerpilvc,
1213 2614 1263 2672 alii
1285 2609 1354 2675 σεί-

211 2736 290 2796 ριον,
314 2721 370 2779 sed
393 2738 462 2778 cum
485 2720 688 2794 fragmentum
701 2720 789 2778 nimis
805 2721 843 2778 sit
862 2709 1006 2793 exiguum
1021 2734 1152 2794 cumque
1168 2716 1216 2774 hic
1232 2723 1355 2774 tautum

211 2824 338 2896 legatur,
361 2823 473 2881 certius
496 2822 608 2898 aliquid
627 2830 759 2880 statuere
780 2821 869 2879 nobis
890 2838 954 2878 non
975 2821 1055 2879 licet.
1097 2818 1133 2876 In
1155 2817 1271 2876 scholio
1293 2834 1352 2892 pro

210 2923 335 2999 σηροῦν
356 2922 488 2999 σειροῦν
511 2924 703 2982 scribendum
724 2931 782 2992 est,
806 2940 899 3000 quam
922 2922 1050 2981 formam
1074 2919 1271 2996 veriloquium
1295 2936 1355 2993 po·

212 3027 303 3084 stuiat
336 3016 475 3100 quaeque
507 3025 700 3083 confirmatur
722 3024 790 3082 ioco
808 3023 954 3099 Hippocr.
987 3022 1080 3083 vol.I
1111 3039 1140 3096 p.
1163 3021 1222 3079 127
1246 3017 1352 3080 Kiihn.

213 3127 307 3198 Quod
328 3127 438 3185 dicitur
459 3128 499 3184 de
521 3127 632 3185 Minois
654 3128 768 3193 insulis,
791 3143 828 3184 ex
850 3126 944 3185 schol.
963 3125 1006 3183 ad
1027 3144 1053 3184 ν.
1070 3123 1172 3184 11516
1195 3129 1354 3196 sumptum

212 3237 268 3304 est,
295 3229 348 3305 qui
373 3246 477 3286 versus
503 3230 594 3286 etiam
626 3229 816 3304 proponitur;
846 3225 942 3302 ipsius
966 3235 1069 3284 autem
1091 3223 1157 3282 Sirii
1179 3239 1301 3296 nomen,
1334 3241 1353 3280 a

212 3347 274 3405 quo
297 3348 428 3407 sequens
452 3330 510 3404 Ap.
534 3347 638 3388 versus
659 3330 773 3404 incipit,
807 3346 992 3406 quamquam
1024 3329 1064 3385 ob
1093 3343 1164 3383 eum
1186 3325 1271 3382 locus
1295 3341 1351 3380 ex·

212 3433 341 3507 scriptus
361 3441 417 3509 est,
438 3431 600 3502 intercidit,
620 3441 653 3490 ut
676 3448 896 3506 saepenumero
913 3430 1034 3506 ¹factum
1057 3436 1118 3486 est.
1274 3492 1276 3498 ,

311 3532 361 3592 Et.
383 3533 425 3592 M.
450 3537 518 3602 197,
538 3535 578 3593 56
608 3551 633 3592 v.
656 3528 820 3608 Βιστονίη·
855 3526 1023 3610 ,,Βιστονίῃ
1053 3523 1205 3604 φόρμιγγι
1230 3522 1353 3604 λιγείης

211 3630 311 3711 ἦρχεν
348 3629 490 3711 ἀοιδῆς“.
551 3623 699 3715 Θρᾳκικῇ.
735 3630 800 3695 ἀπὸ
841 3629 998 3706 Βίστονας
1033 3630 1091 3691 τοῦ
1132 3622 1352 3706 Τερψιχόρας.

215 3730 442 3812 [Ἀπολλώνιος
465 3733 483 3796 ὁ
506 3733 546 3797 τὰ
560 3724 792 3812 Ἀργοναυτικά
815 3737 887 3794 add.
903 3735 976 3792 Mill.
1003 3752 1032 3810 p.
1048 3727 1113 3809 65].
1155 3731 1242 3792 Idem
1263 3746 1357 3805 prae-

213 3841 265 3896 bet
286 3839 425 3897 scholion
447 3841 489 3899 ad
510 3843 611 3898 locum
634 3841 684 3914 qui
706 3839 828 3896 affertur
848 3838 877 3895 11
900 3839 960 3897 704
983 3843 1112 3911 excepto
1134 3831 1280 3918 eoquod
1302 3829 1357 3888 Bi-

214 3949 285 3999 ston
300 3940 421 3999 Ciconis
436 3940 521 4016 filius,
543 3959 607 3999 non
618 3939 842 4017 Terpsichorae
863 3939 1046 3997 nominatur.
1069 3933 1116 4010 (ln
1128 3934 1178 3992 Et.
1191 3931 1231 3992 M.
1244 3931 1357 3990 codice

212 4042 322 4117 legitur
342 4038 562 4120 Τερψιχιόρου,
597 4044 681 4118 quod
704 4043 768 4099 sine
792 4041 884 4099 dubio
906 4048 990 4098 recte
1012 4057 1030 4094 a
1054 4035 1211 4115 Sylburgio
1234 4021 1357 4091 correc-

213 4157 278 4204 tum
300 4153 347 4204 est
366 4147 397 4202 in
419 4140 644 4221 Τερψιχόρας).
688 4145 781 4220 Apud
803 4144 845 4204 St.
862 4143 895 4203 B.
919 4161 945 4203 v.
967 4134 1118 4201 Βιστονία
1142 4134 1276 4194 Bistonis
1298 4152 1358 4208 pa·

214 4253 314 4306 rentes
347 4245 428 4305 Mars
460 4265 514 4304 seu
547 4247 621 4305 filius
659 4247 722 4304 eius
754 4245 857 4303 Paeon
887 4239 1112 4319 etiCailirrhoe
1146 4236 1354 4294 nominantur.

215 4350 359 4407 Fortasse
382 4350 466 4424 quod
478 4349 526 4409 Et.
539 4350 581 4408 M.
603 4357 635 4406 et
659 4347 752 4408 schol.
774 4355 913 4406 nostrum
937 4347 1072 4421 tradunt,
1096 4342 1139 4400 sic
1153 4347 1202 4398 est
1224 4335 1357 4397 coniun-

214 4453 360 4529 gendum,
383 4459 416 4508 ut
439 4450 627 4527 suspicemur
648 4449 795 4508 Ciconem
817 4458 944 4526 patrem,
967 4445 1202 4522 Terpsichoram
1222 4447 1357 4500 matrem
