2938 4922
664 234 699 288 23

106 435 142 492 p.
168 416 229 475 154
250 433 276 474 v.
301 409 472 488 θαάσσων,
504 432 534 489 p.
558 410 618 474 188
641 431 665 472 v.
690 407 856 488 κλείωμεν;
890 431 921 487 p.
946 413 1007 472 190
1035 430 1061 470 ν.
1084 408 1254 489 κλοπήιος;

107 534 142 592 p.
167 516 226 576 236
249 533 276 575 v.
298 511 513 590 παρέθρισαν;
536 532 565 591 p.
588 515 649 573 254
671 532 697 573 v.
720 508 893 589 πρόμαλοι;
918 531 944 572 ν.
966 512 1130 591 προμολῇ;
1150 531 1180 589 ρ.
1195 515 1255 573 258

107 637 137 676 ν.
160 612 266 688 πώεα;
302 634 332 691 ρ.
356 617 413 676 291
450 633 475 675 ν.
498 609 654 694 ὑληωροί,
688 634 715 674 ν.
737 608 928 690 ὑληουργοί;
961 631 990 690 p.
1014 615 1074 673 316
1109 633 1136 673 v.
1160 607 1256 675 ὦνον,

108 721 205 794 Quae
225 719 289 777 fere
315 717 417 776 omnia
439 717 587 776 lemmatis
607 716 704 774 forma
724 717 838 774 indicio
853 723 901 774 est
913 714 944 772 in
954 714 1252 791 Apollonii·versum

109 839 186 882 esse
206 821 333 897 scripta;
368 835 497 894 cumque
519 817 628 876 Milleri
660 817 709 877 Et.
734 817 776 878 M.
799 833 941 875 numerus
974 833 1080 876 eorum
1101 817 1255 894 aliquanto

109 928 272 996 augeatur,
296 919 327 979 in
350 919 401 979 Et.
425 928 527 979 autem
549 919 695 978 Gudiano
718 926 748 978 et
772 918 894 978 Orionis
915 919 1011 977 lexico
1034 920 1148 978 nullum
1164 920 1256 978 vesti·

110 1023 200 1099 gium
220 1020 399 1096 inveniatur,
420 1037 535 1079 novum
549 1019 635 1079 simul
647 1020 706 1086 hoc
726 1029 772 1079 est
789 1022 1016 1094 documentum,
1041 1038 1103 1098 quo
1127 1021 1255 1080 demon·

110 1131 226 1184 stretur
245 1124 308 1182 veri
330 1124 379 1184 Et.
401 1121 444 1182 M.
466 1132 622 1182 auctorem
642 1121 719 1202 haec
741 1122 905 1199 recepisse.

129 1223 145 1256 ³
213 1223 276 1282 Sed
298 1224 366 1301 hoc,
389 1225 475 1299 quod
497 1224 688 1300 etymologus
710 1241 774 1282 non
797 1242 836 1281 ea
852 1240 944 1300 quam
958 1240 1015 1282 nos
1030 1223 1176 1281 vellemus
1192 1223 1254 1282 fide

109 1324 179 1403 egit
199 1325 230 1384 in
251 1324 371 1385 scholiis
392 1323 610 1403 exscribendis,
647 1343 711 1382 non
733 1325 804 1382 satis
826 1331 884 1394 est,
907 1341 984 1400 ¹quo
1015 1325 1151 1384 omnium
1178 1324 1257 1384 inter

107 1435 219 1486 nostra
240 1436 272 1485 et
294 1426 372 1484 illius
394 1425 511 1485 scholia
531 1425 803 1502 discrepantiarum
826 1441 920 1484 causa
954 1424 1130 1502 explicetur.
1174 1425 1256 1484 Nam

107 1529 230 1605 inspice
253 1545 369 1605 quaeso
394 1527 443 1587 Et.
467 1527 509 1587 M.
532 1527 604 1605 479,
625 1528 664 1586 47
699 1545 724 1587 ν.
748 1521 865 1601 Ἰταννὶς
894 1523 946 1587 καὶ
964 1522 1100 1599 Ἰτωνία;
1130 1527 1256 1586 dubium

108 1629 169 1690 tibi
190 1647 253 1689 non
274 1630 337 1707 erit,
359 1627 433 1704 quin
455 1628 506 1686 hic
527 1628 642 1686 habeas
665 1627 803 1686 scholion
816 1628 1059 1704 Apollonianum.
1104 1628 1153 1687 Sic
1175 1629 1256 1687 enirn

108 1731 237 1808 legitur:
260 1717 378 1806 Ἰταινὶς
401 1727 454 1790 καὶ
479 1715 600 1792 Ἰτωνία
621 1725 641 1805 ἡ
663 1721 780 1805 Ἀθηνᾶ
813 1724 934 1806 εἴρηται
963 1725 1051 1804 παρὰ
1082 1729 1151 1806 τοῖς
1174 1726 1256 1793 Θεσ-

109 1831 230 1908 σαλοῖς
252 1827 316 1893 ἀπό
339 1847 427 1907 τινος
448 1827 577 1906 πόλεως
597 1825 736 1908 Ἴτωνος.
782 1827 867 1906 Φησὶ
889 1830 925 1892 δὲ
947 1827 967 1893 ὁ
985 1827 1182 1920 γενεαλόγος
1205 1831 1256 1892 Σι-

108 1929 261 2013 μωνίδης,
282 1919 410 1995 Ἰτώνου
433 1929 613 2009 θυγατέρας
635 1929 785 2006 γενέσθαι
813 1928 881 2008 δύο,
910 1929 1048 2007 Ἀθηνᾶν
1080 1929 1132 1992 καὶ
1154 1927 1256 1994 Ἰοδά-

109 2051 187 2112 μαν,
210 2031 250 2109 ἃς
272 2031 467 2110 ἐζηλωκυίας
488 2032 547 2109 τὴν
569 2031 788 2110 ὁπλομαχικήν
812 2028 859 2109 εἰς
881 2029 947 2109 ἔριν
969 2033 1028 2108 τὴν
1050 2029 1097 2109 εἰς
1113 2029 1255 2111 ἀλλήλας

109 2136 269 2213 χωρῆσαι,
292 2132 345 2212 καὶ
366 2131 572 2212 ἀναιρεθῆναι
593 2132 652 2211 τήν
666 2130 812 2210 Ἰοδάμαν
831 2131 897 2195 ὑπὸ
919 2130 1141 2212 τῆςἊθηνᾶς.
1175 2130 1256 2198 ΟΙον

109 2232 299 2318 ,Πηλιάδες
332 2239 504 2316 σκοπιῇσιν
536 2233 700 2322 ἐθάμβεον
727 2232 924 2312 εἰσορόωσαι
955 2233 1051 2312 ἔργον
1081 2223 1273 2314 Ἀθηναίης·

104 2334 302 2414 Ἰτωνίδος“.
343 2333 570 2413 Ἀπολλώνιος.
615 2337 737 2410 Quodsi
767 2356 848 2396 nunc
878 2339 998 2398 evolves
1022 2338 1137 2397 scholia
1159 2340 1252 2416 Apol-

109 2441 236 2500 loniana
258 2441 300 2498 ad
313 2440 412 2512 1551,
437 2440 487 2516 qui
506 2457 609 2498 versus
630 2442 670 2499 ab
691 2440 867 2516 etymologo
891 2439 1023 2508 affertur,
1046 2448 1079 2497 et
1100 2441 1141 2498 ad
1153 2441 1169 2499 Ι
1183 2443 1255 2511 721,

109 2543 164 2602 ubi
188 2541 326 2600 scholion
349 2542 391 2599 ad
411 2541 426 2598 Ι
447 2541 505 2602 551
530 2541 641 2617 respici
663 2549 799 2617 apparet,
834 2541 934 2598 locum
955 2539 1025 2599 huic
1047 2542 1089 2599 rei
1111 2541 1170 2600 illic
1191 2560 1253 2602 non

107 2661 182 2703 esse
202 2644 307 2703 statim
326 2642 473 2702 invenies.
516 2641 553 2700 In
579 2642 693 2701 scholio
715 2643 757 2700 ad
780 2641 877 2704 1551
916 2643 1065 2702 docemur
1097 2643 1253 2704 Minervae
1282 2655 1286 2663 '

105 2744 228 2806 ltoniae
250 2762 317 2804 esse
341 2761 462 2802 sacrum
479 2742 638 2804 Coroneae
654 2744 685 2801 in
702 2743 850 2803 Boeotiae
874 2745 1004 2822 oppido;
1027 2745 1083 2804 sed
1097 2741 1156 2822 (sic
1171 2747 1255 2805 idem

108 2847 278 2909 scholiasta
299 2846 400 2921 ipsum
421 2864 456 2904 se
479 2841 613 2922 corrigit)
636 2844 744 2903 mirum
765 2853 861 2920 esset,
896 2846 921 2904 si
944 2846 1126 2922 Apollonius
1152 2847 1202 2905 hic
1222 2847 1255 2905 in

106 2951 195 3025 Argo
217 2966 296 3008 nave
320 2947 461 3006 facienda
483 2948 563 3006 deae
584 2945 745 3005 Coroneae
777 2947 878 3006 cultae
911 2948 1099 3006 mentionem
1130 2948 1253 3018 faceret,

108 3053 204 3111 immo
227 3068 263 3110 ex
287 3049 467 3108 Thessaliae
491 3049 566 3107 urbe
586 3049 687 3108 Itonia
708 3048 768 3107 hoc
801 3067 913 3108 nomen
943 3049 1070 3125 petitum
1104 3059 1167 3123 est;
1205 3069 1253 3110 se·

111 3160 248 3228 quuntur
258 3151 374 3210 deinde
387 3150 476 3210 trium
488 3150 667 3225 scriptorum
682 3151 868 3228 testimonia,
883 3151 941 3210 sed
953 3150 1124 3212 Simonides
1138 3170 1251 3230 genea-

111 3235 203 3330 logus
226 3273 288 3313 non
310 3253 494 3328 nominatur,
521 3254 573 3329 qui
587 3262 691 3311 tamen
707 3253 776 3313 alibi
792 3254 869 3314 inter
883 3261 1057 3313 nostrorum
1072 3254 1254 3314 scholiorum

110 3362 255 3415 auctores
276 3355 380 3432 prodit
401 3349 452 3432 (cf.
476 3353 571 3414 schol.
593 3354 621 3412 11
642 3348 727 3432 866).
772 3355 822 3414 Sic
843 3373 1028 3432 quamquam
1043 3356 1167 3414 omnino
1190 3357 1255 3415 fieri

113 3457 232 3533 nequit,
254 3464 288 3514 ut
309 3455 390 3515 hunc
412 3457 512 3516 locum
534 3456 646 3516 nostris
668 3455 789 3515 scholiis
811 3456 988 3532 inseramus,
1012 3465 1116 3518 tamen
1132 3457 1254 3535 Etymo·

111 3560 205 3636 logici
226 3559 267 3619 M.
291 3560 415 3617 doctam
437 3558 670 3618 adnotationem
693 3576 761 3617 cum
782 3567 886 3617 nostro
910 3559 1025 3617 scholio
1039 3561 1142 3636 aliquo
1158 3563 1253 3620 modo

113 3660 281 3722 cohaerere
304 3662 489 3720 documento
510 3669 558 3718 est
579 3660 665 3719 illud:
688 3656 777 3736 παρὰ
798 3660 866 3735 τοῖς
888 3656 1100 3736 Θεσσαλοῖςῑ.

212 3761 326 3823 Clarior
362 3782 455 3841 quam
488 3783 527 3822 ex
561 3765 620 3822 hoc
653 3766 722 3824 loco
753 3784 801 3824 res
832 3765 866 3824 fit
888 3767 1117 3843 comparatione
1139 3769 1188 3830 Et.
1211 3771 1253 3833 M.
1298 3736 1306 3755 ’

109 3867 184 3936 567,
209 3868 246 3925 12
270 3884 297 3925 v.
321 3863 417 3941 λισσὴ
442 3875 474 3924 et
496 3866 590 3927 schol.
612 3867 646 3926 II
663 3867 733 3936 382,
756 3884 833 3944 quos
849 3869 945 3938 locos,
968 3868 1040 3944 quia
1060 3886 1168 3946 graves
1183 3881 1253 3931 sunt

110 3971 145 4028 iu
166 3976 301 4027 nostram
324 3985 398 4039 rem,
421 3968 468 4028 hic
489 3976 573 4027 totos
596 3985 744 4045 propono.

112 4123 310 4142 .------

211 4215 282 4270 ¹Ex
300 4221 344 4270 Et.
362 4221 411 4285 M,
442 4235 494 4270 non
523 4235 555 4269 ex
582 4219 648 4284 ipsis
672 4217 782 4270 scholiis
801 4218 989 4285 Apollonianis
1007 4219 1058 4270 hoc
1078 4220 1150 4271 idem
1169 4230 1254 4273 narrat

109 4311 199 4362 Tzetz.
219 4309 252 4358 ad
271 4306 401 4374 Lycophr.
421 4305 481 4368 355,
513 4309 560 4358 sed
586 4324 638 4374 qua
665 4315 705 4358 est
723 4305 900 4372 neglegentia,
928 4323 1018 4358 versus
1043 4308 1096 4374 ipsi
1124 4309 1253 4359 Simonidi

110 4396 256 4465 genealogo
276 4398 374 4466 tribuit,
393 4399 465 4464 quod
483 4398 629 4450 Muellerus
648 4399 732 4451 editor
747 4394 906 4466 interpolato
919 4400 1062 4467 Apollonii
1079 4400 1186 4452 nomine
1205 4402 1254 4452 ob·

110 4487 244 4539 litteravit.
