2938 4922
793 255 827 310 12

228 430 335 490 tarium
357 448 462 488 eorum
481 429 512 488 in
534 430 675 490 manibus
698 431 858 504 habuisse;
890 449 970 508 quae
999 435 1149 494 dubitatio
1172 439 1368 498 confirmatur

228 550 275 603 eo,
297 532 381 609 quod
404 532 496 590 etiam
518 531 549 590 in
571 533 617 592 Et
630 531 711 592 Gud.
726 535 830 602 305,8
854 551 892 593 ex
915 537 1027 594 eodem
1046 540 1265 598 commentario
1282 541 1368 598 testi-

227 633 362 692 monium
384 633 504 709 petitur,
539 651 599 709 quo
628 635 727 692 elucet
748 634 808 692 iam
831 635 862 694 in
884 638 1037 696 communi
1057 638 1164 698 horum
1189 642 1369 718 etymologi-

228 751 332 792 corum
367 733 452 824 fonte
489 733 567 792 hanc
588 735 833 794 observationem
854 737 958 820 fuisse.
1016 739 1155 798 Similiter
1187 743 1270 818 apud
1291 741 1368 802 Mill.

227 854 256 912 p.
280 837 337 894 191
362 854 388 894 v.
413 829 538 910 rolloni
560 836 684 911 legitur:
717 832 821 914 οὑτως
844 833 941 915 εὑρον
963 836 999 902 ἐν
1016 835 1216 918 ὑπομνήματι
1238 835 1368 918 Ἀνδρο-

231 933 320 1000 νίκου
344 931 424 1013 (lege
438 929 671 1014 Ἀριστονίκου)
704 932 750 1013 εἰς
772 935 831 1014 τὴν
853 925 1057 1021 Ὀδύσσειαν,
1090 960 1180 1019 quem
1215 961 1370 1004 commen·

228 1036 337 1096 tarium
360 1038 566 1114 etymologum
587 1039 619 1096 in
640 1039 778 1098 manibus
801 1059 864 1099 non
886 1041 1029 1102 habuisse
1064 1052 1094 1102 et
1127 1063 1234 1122 reapse
1268 1046 1369 1104 verisi-

228 1139 298 1197 mile
321 1146 422 1198 estet
444 1157 546 1198 rursus
569 1140 762 1199 confirmatur
794 1143 970 1202 testimonio
993 1143 1041 1204 Et.
1064 1145 1145 1205 Gud.
1160 1163 1197 1224 p.
1221 1147 1292 1217 334,
1318 1150 1368 1216 12,

229 1241 280 1299 ubi
308 1242 438 1300 eandem
466 1241 562 1300 habes
583 1243 797 1319 corruptelam:
836 1239 941 1320 οὑτως
974 1240 1072 1322 εὗρον
1100 1243 1135 1308 ἐν
1166 1243 1368 1324 ὑπομνήματι

228 1336 438 1418 Ἀνδρονίκου
462 1337 508 1417 εἰς
529 1338 567 1403 τὸ
591 1339 652 1410 ὥς
672 1343 690 1405 i.
714 1363 741 1404 e.
765 1341 803 1406 τὸ
821 1350 849 1418 ᾧ
869 1342 1065 1423 Ὀδυσσείας
1089 1342 1141 1426 (cf.
1158 1349 1252 1410 schol.
1275 1349 1305 1423 Q
1327 1351 1369 1408 ad

229 1462 255 1520 φ
277 1440 361 1521 407).
403 1445 494 1504 Hanc
516 1463 586 1504 vero
610 1446 815 1522 suspicionem
834 1449 864 1506 in
887 1457 1007 1525 partem
1031 1451 1155 1528 quidem
1186 1451 1369 1510 scholiorum

229 1547 464 1606 Homericorum
486 1564 549 1604 non
571 1549 683 1605 cadere
705 1549 931 1608 demonstratur
951 1550 997 1608 his
1020 1551 1108 1609 locis':
1142 1552 1190 1610 Et.
1211 1551 1254 1612 M.
1267 1553 1326 1622 65,
1349 1555 1367 1608 7

231 1673 258 1710 v.
282 1645 420 1727 ἄμοτονε
451 1645 540 1711 οὑτω
575 1649 633 1726 μὲν
654 1636 786 1727 Ὠρίων·
821 1647 885 1724 ἐγὼ
910 1650 947 1713 δὲ
968 1647 1065 1729 εὑρον
1087 1649 1122 1715 ἐν
1146 1648 1371 1729 ὑπομνήμασιν

224 1747 384 1828 Ἰλιὰδος;
406 1751 454 1811 Ει.
477 1751 518 1811 M.
542 1751 610 1821 284,
635 1755 648 1810 1
674 1771 700 1814 v.
723 1747 862 1828 δόρπος;
884 1749 991 1830 οὑτως
1012 1749 1130 1830 Ὦρος·
1152 1749 1215 1827 ἐγὼ
1238 1751 1273 1817 δέ
1288 1771 1370 1830 φημι

232 1850 278 1928 ὡς
300 1847 397 1929 εὑρον
419 1846 554 1928 σχόλιον
574 1849 808 1929 παρακείμενον
830 1851 932 1936 ἐντῷ
955 1843 981 1932 β’
1003 1857 1063 1931 τῆς
1085 1841 1232 1933 Ἰλιάδος;
1256 1856 1305 1917 Et.
1326 1856 1369 1916 M.

232 1959 302 2028 540,
319 1957 360 2016 50
381 1975 408 2014 v.
423 1949 585 2030 κρόσσαςε
609 1951 660 2016 καὶ
674 1954 775 2016 ταῦτα
791 1953 848 2030 μὲν
863 1951 882 2016 δ
898 1941 1025 2032 Ὠρίων·
1048 1951 1113 2029 ἐγὼ
1128 1954 1164 2018 δὲ
1179 1951 1276 2033 εὑρον
1292 1953 1371 2032 σχό-

232 2059 303 2119 λιον
325 2051 559 2133 παρακείμενον
581 2051 738 2118 ὑπόνοιαν
758 2053 901 2133 παρέχον
923 2074 975 2133 μοι
997 2058 1062 2118 κτλ.
1105 2057 1173 2130 Hic,
1196 2043 1370 2118 ubi'contra

234 2159 287 2218 Ori
310 2167 341 2217 et
353 2157 474 2216 Orionis
496 2158 703 2216 testimonium
721 2145 841 2216 'scholia
855 2157 914 2216 hoc
929 2160 1023 2216 modo
1046 2159 1217 2228 laudantur,
1238 2161 1371 2218 dubitari

233 2261 348 2336 nequit,
372 2261 445 2337 quin
467 2259 533 2334 ipse
555 2259 602 2316 Et.
626 2259 669 2318 M.
692 2268 798 2318 auctor
820 2259 937 2318 scholia
958 2259 1130 2336 inspexerit.

333 2361 381 2419 De
404 2361 450 2419 his
471 2361 563 2418 rebus
583 2379 768 2437 quamquam
786 2379 849 2419 non
870 2371 1007 2420 nostrum
1035 2371 1082 2419 est
1110 2362 1247 2420 subtilius
1279 2381 1371 2438 quae·

234 2482 306 2538 rere,
330 2472 433 2520 tamen
453 2462 583 2520 breviter
605 2463 711 2520 saltem
727 2462 892 2520 dicendum
908 2471 980 2533 erat,
1002 2464 1087 2537 quod
1109 2471 1232 2521 nostrae
1249 2481 1371 2540 quoque

233 2566 277 2622 rei
298 2565 370 2623 inde
391 2566 441 2621 lux
456 2565 587 2624 affertur.
631 2565 738 2638 Agitur
753 2564 832 2622 enim
847 2582 937 2637 nunc,
960 2573 993 2622 ut
1006 2565 1261 2634 demonstremus,
1282 2568 1372 2642 ¹quod

235 2683 325 2740 supra
347 2666 440 2724 tacite
461 2667 521 2724 iam
542 2665 808 2741 praesumpsimus,
830 2665 930 2740 ipsum
951 2681 1074 2740 quoque
1097 2667 1158 2722 veri
1173 2665 1372 2744 Etymologici

235 2767 337 2844 Magni
356 2776 513 2825 auctorem
534 2768 626 2824 multa
648 2766 763 2826 scholia
776 2767 976 2842 Apollonlana
997 2767 1092 2842 copiis
1112 2767 1172 2824 suis
1195 2768 1368 2836 inseruisse,

236 2869 321 2926 cuius
343 2869 385 2925 rei
407 2869 490 2926 haud
508 2886 601 2926 unum
622 2868 769 2927 habemus
793 2879 1014 2943 argumentum.

335 2970 465 3028 Primum
479 2972 569 3045 enim,
593 2988 652 3047 quo
671 2971 774 3028 tamen
796 2989 861 3028 rem
875 2987 938 3028 non
954 2971 994 3028 ad
1010 2979 1126 3029 certum
1142 2971 1256 3030 adduci
1280 2989 1372 3048 supra

237 3073 373 3142 vidimus,
407 3072 522 3130 scholia
558 3073 710 3131 nonnullis
741 3073 815 3131 locis
843 3073 1006 3130 laudantur
1028 3072 1125 3129 verbis
1148 3067 1254 3148 οὕτως
1276 3067 1374 3149 εὑρον

236 3169 301 3245 ἐγὼ
323 3171 399 3244 κτλ,
434 3182 467 3231 ut
499 3174 549 3232 Et.
571 3173 612 3231 M.
641 3177 689 3244 14,
714 3177 752 3233 39
786 3193 813 3232 v.
842 3167 1017 3249 ἄγχαυρον;
1051 3173 1099 3233 Et.
1130 3173 1170 3232 M.
1206 3177 1254 3244 24,
1285 3177 1323 3234 10
1345 3195 1373 3236 v.

233 3269 455 3351 Ἀθαμάντιον,
479 3276 528 3336 Et.
553 3275 594 3336 M.
617 3279 668 3344 42,
691 3278 730 3336 46
754 3293 780 3334 v.
805 3269 912 3349 ἀῑκάς;
945 3274 1017 3334 Mill.
1039 3293 1070 3350 p.
1086 3277 1127 3335 54
1149 3294 1174 3335 v.
1198 3271 1373 3350 αὑτόγυον;

237 3374 310 3436 Μίλλ.
331 3394 360 3450 p.
385 3378 444 3435 188
465 3397 492 3436 v.
515 3373 634 3452 Κλείτη,
656 3377 707 3435 ubi
729 3378 813 3453 quod
833 3375 886 3435 Ori
909 3377 1062 3436 sententia
1084 3376 1267 3435 scholiorum
1289 3377 1375 3435 testi·

238 3477 341 3538 monio
363 3478 517 3554 refutatur,
540 3479 601 3537 iam
624 3480 732 3537 certius
755 3487 964 3553 argumentum
987 3487 1042 3538 est.

337 3577 459 3638 Deinde
482 3582 686 3655 etymologum
708 3579 861 3656 Apollonii
883 3581 1022 3638 codicem
1052 3578 1174 3636 scholiis
1196 3579 1375 3637 instructum

239 3683 269 3740 in
291 3683 430 3741 manibus
453 3683 603 3754 habuisse,
627 3692 657 3739 et
680 3700 760 3758 quae
776 3683 804 3739 ei
820 3682 1003 3740 videbantur
1016 3681 1102 3738 utilia
1116 3690 1148 3737 et
1161 3689 1268 3738 notatu
1283 3681 1375 3756 digna

239 3784 424 3860 excerpsisse
445 3785 518 3841 inde
540 3794 677 3861 apparet,
710 3785 795 3858 quod
827 3786 918 3841 verba
951 3791 982 3841 et
1009 3783 1169 3839 verborum
1202 3781 1314 3856 formas
1338 3799 1375 3838 ex

239 3887 402 3962 Apollonio
419 3886 460 3944 ita
475 3886 601 3952 notavit,
624 3893 658 3942 ut
678 3883 793 3944 scholia
809 3902 888 3960 quae
903 3883 1017 3941 invenit
1032 3882 1224 3952 exscriberet,
1247 3882 1299 3940 ubi
1312 3899 1374 3940 non

240 3989 355 4046 invenit
376 3989 441 4063 ipse
462 4005 554 4062 saepe
574 3985 856 4062 interpretationem
879 3985 1021 4044 adiceret.
1054 3983 1198 4058 Legimus
1210 3983 1294 4059 apud
1304 3981 1376 4044 Mill.

240 4109 270 4166 p.
294 4091 352 4149 113
375 4091 485 4147 lemma
507 4085 580 4158 ἔνει,
603 4088 730 4147 adiectis
753 4087 888 4145 versibus
903 4087 962 4161 Ap.
977 4084 1020 4142 IV
1031 4085 1090 4144 243
1114 4092 1145 4142 et
1166 4085 1240 4144 252:
1264 4077 1374 4161 ,,Αἰαίη

193 4191 194 4196 ’
242 4187 367 4265 Μήδεια
380 4187 570 4262 Πελασγίδα
584 4188 678 4261 γαῖαν
691 4183 796 4262 ἵκηται
808 4233 815 4246 .
826 4230 847 4246 ..
861 4180 1018 4262 ἀνδράσιν
1033 4179 1237 4260 ὀψιγόνοισιν
1249 4178 1312 4244 ἔνει
1326 4179 1378 4243 καὶ

242 4291 343 4368 τῆμος
365 4285 519 4358 ἰδέσθαιί,
543 4292 607 4348 sine
623 4291 683 4348 ulla
696 4290 784 4347 huius
800 4289 882 4346 vocis
898 4287 1162 4363 interpretatione3
1184 4302 1241 4342 nec
1254 4285 1376 4344 mirum:

242 4413 314 4454 nam
336 4396 361 4453 si
383 4395 577 4470 Apollonium
600 4391 729 4460 evolves,
760 4389 895 4447 invenies
919 4407 981 4446 non
1004 4387 1064 4463 legi
1087 4383 1160 4466 ἔνει,
1194 4386 1251 4444 sed
1283 4381 1375 4460 μένει,

242 4499 277 4556 In
299 4497 431 4571 legendo
455 4494 617 4570 Apollonio
641 4492 833 4567 etymologus
856 4493 886 4547 in
916 4489 975 4547 hoc
994 4489 1119 4546 verbum
1153 4487 1209 4546 sibl
1241 4487 1377 4562 ignotum
