2938 4922
658 265 675 317 9

85 441 164 508 hoc,
188 448 223 497 ut
245 438 410 497 Merkelius
433 439 522 500 Proll.
544 458 572 514 p.
586 438 659 498 LXl
682 438 904 508 animadvertit,
931 439 1068 499 scholion
1083 440 1174 498 luisse
1197 441 1237 501 ad

87 543 151 617 Ap.
176 541 237 602 Rh.
259 560 284 602 v.
306 540 405 614 1177,
438 539 489 598 ubi
523 538 616 598 hodie
652 539 725 598 nihil
759 541 911 599 eiusmodi
935 540 967 598 in
988 541 1110 601 scholiis
1132 550 1238 617 exstat.

86 643 155 701 Hic
176 659 257 701 unus
289 650 336 700 est
358 641 453 716 locus,
491 642 543 699 ubi
572 642 603 699 in
627 640 723 700 Gaisf.
746 642 794 702 Et.
816 642 859 702 M.
893 641 1001 700 Lucilli
1033 641 1263 702 commentarii

86 746 212 806 mentio
234 746 275 806 lit.
319 744 381 803 Sed
402 753 437 803 ut
457 744 698 803 Reitzensteinus
721 746 812 804 docet
828 740 880 820 (cl.
898 743 1096 804 Wilamowitz
1118 745 1237 804 inHer-

89 847 173 906 culis
197 847 253 905 vol.
275 847 292 906 I
315 865 344 924 p.
365 841 437 923 186)
459 848 628 922 complures
658 845 717 904 loci
737 847 769 904 in
792 864 862 906 vero
889 847 938 908 Et.
959 847 1002 907 M.
1038 847 1238 916 inveniuntur,

87 947 147 1006 ubi
169 947 305 1014 Lucillus
327 949 511 1010 nominatur.
555 947 625 1020 Qua
650 957 754 1008 autem
774 950 823 1008 via
845 949 894 1008 hic
926 949 957 1006 in
986 948 1034 1010 Et.
1058 949 1099 1010 M.
1131 968 1240 1026 perve-

88 1049 184 1119 nerit,
207 1049 309 1108 adhuc
331 1050 464 1128 intellegi
485 1051 608 1126 nequit;
631 1059 771 1128 possunt,
794 1051 939 1128 quoniam
951 1051 1083 1128 suspicio
1107 1060 1154 1110 est
1168 1061 1240 1128 post

89 1151 256 1228 Sophoclis
278 1167 366 1226 opus,
389 1152 440 1227 qui
462 1151 568 1210 Lucilli
591 1169 715 1229 quoque
738 1153 987 1211 commentarium
1011 1155 1042 1210 in
1063 1170 1150 1211 suum
1170 1171 1240 1229 par-

89 1255 148 1312 tim
175 1253 297 1310 videtur
317 1252 469 1329 recepisse
490 1249 543 1328 (cs.
571 1252 687 1313 Wilam.
709 1253 831 1314 Hercul.
855 1253 870 1310 I
889 1273 918 1330 p.
939 1251 1021 1332 186),
1054 1254 1137 1312 brevi
1161 1253 1241 1312 hune

87 1355 249 1414 oblivione
272 1371 341 1414 esse
364 1355 513 1425 obrutum,
546 1355 604 1414 hae
637 1356 867 1415 observationes
899 1356 1006 1415 Lucilli
1040 1375 1153 1414 nomen
1181 1363 1240 1413 tra·
1266 1360 1268 1372 '

91 1457 208 1515 dentes
223 1475 261 1514 ex
279 1456 490 1535 antiquissimo
514 1456 599 1514 fonte
624 1457 771 1532 originem
793 1459 916 1532 ducere,
939 1467 1070 1534 possunt
1085 1465 1186 1516 autem
1202 1477 1240 1515 ex

92 1557 257 1636 Sophoclis
282 1575 404 1634 quoque
428 1559 650 1617 commentario
672 1559 787 1635 petitae
809 1577 889 1619 esse.

197 1659 261 1718 Sed
282 1677 345 1718 non
367 1660 464 1719 solum
486 1659 540 1720 Ori
562 1669 595 1718 et
608 1661 725 1737 Lucilli,
749 1678 855 1719 verum
880 1661 973 1719 etiam
995 1661 1122 1720 aliomm
1142 1678 1241 1736 gram·

91 1761 279 1820 maticorum
307 1761 339 1820 in
362 1762 556 1838 Apollonium
592 1763 873 1822 animadversiones
906 1764 938 1820 in
958 1763 1007 1823 Et.
1028 1762 1070 1824 M.
1104 1770 1242 1822 servatae

91 1871 179 1932 sunt,
208 1880 287 1938 quae
309 1871 412 1922 tamen
433 1882 497 1922 non
522 1882 559 1922 ex
583 1865 810 1925 commentariis
833 1865 959 1934 illorum,
986 1867 1043 1923 sed
1065 1864 1241 1940 exscriptis

91 1963 302 2040 grammaticis
324 1964 454 2022 haustae
476 1975 565 2042 sunt;
589 1983 719 2041 quarum
741 1966 989 2024 observationum
1011 1984 1073 2043 eas,
1096 1982 1177 2040 quae
1192 1965 1242 2023 ali·

92 2084 159 2141 quo
184 2067 278 2123 modo
301 2067 343 2123 ad
364 2065 475 2125 scholia
498 2075 605 2126 nostra
629 2075 769 2143 spectare
793 2068 942 2138 videntur,
976 2067 1025 2126 hic
1046 2066 1161 2127 adfero.
1204 2067 1242 2124 In

96 2165 148 2226 Et.
173 2166 215 2224 M.
239 2169 289 2245 73,
312 2169 351 2228 56
374 2185 401 2224 v.
433 2164 543 2229 Ἅλωα
575 2185 654 2244 quae
688 2169 907 2228 commentatio
936 2170 977 2228 ad
999 2169 1124 2227 verbum
1144 2168 1242 2243 petita

93 2277 144 2327 est
170 2286 208 2325 ex
230 2267 440 2328 Choerobosci
462 2270 584 2328 dictatis
607 2289 635 2347 p.
658 2272 727 2340 256,
751 2273 853 2330 1-16
877 2271 974 2330 Gaisf.
998 2269 1094 2344 (idem
1115 2270 1243 2347 praebet

96 2369 202 2430 Cram.
226 2371 284 2430 An.
308 2369 365 2430 Ox.
387 2370 415 2428 ΙΙ
436 2390 466 2447 p.
490 2373 560 2442 375,
585 2376 623 2432 19
648 2373 679 2430 in
703 2375 971 2441 commentatione,
1004 2390 1085 2448 quae
1106 2370 1241 2429 inscribi·

95 2483 163 2530 tur:
200 2465 421 2547 Ἔπιμερισμοί
451 2469 532 2533 κατὰ
567 2467 754 2550 στοιχεῖον),
788 2483 953 2551 postquam
989 2473 1172 2550 explicatum
1196 2480 1242 2530 est

97 2577 250 2648 berytona
272 2573 303 2631 in
317 2589 377 2648 -ως
392 2573 596 2642 terminantia,
620 2592 698 2650 quae
712 2576 836 2634 brevem
850 2575 999 2634 haberent
1013 2574 1242 2650 paenultimam,

95 2673 275 2750 genetivum
296 2675 329 2731 in
349 2690 422 2751 -τος
446 2674 585 2744 formare,
608 2693 687 2752 quae
711 2695 784 2734 vero
800 2677 924 2752 longam
947 2677 1096 2735 haberent
1118 2675 1244 2757 paenul-

96 2777 215 2842 timam,
238 2775 269 2832 in
291 2792 354 2850 -ος,
379 2775 458 2833 haee
480 2777 634 2851 leguntur:
669 2773 722 2838 καί
754 2777 824 2852 πῶς
857 2775 895 2839 τὸ
918 2773 1033 2852 κάλοις,
1055 2773 1074 2838 ὃ
1096 2772 1244 2852 σημαίνει

95 2874 135 2939 τὸ
161 2872 317 2952 σχοινίον,
340 2872 519 2953 βαρύτονον
542 2873 580 2938 ὃν
599 2874 650 2938 καὶ
673 2875 805 2959 βραχείᾳ
823 2874 1101 2955 παραληγόμενον,
1126 2872 1165 2938 οὐ
1180 2873 1244 2938 κλί-
1301 2885 1304 2897 ·

95 2995 188 3041 νεται
210 2973 262 3039 διὰ
286 2976 344 3038 τοῦ
366 2993 446 3054 -τος,
479 2973 562 3039 ἀλλὰ
591 2975 644 3040 διὰ
673 2979 817 3055 καθαροῦ
839 2979 898 3040 τοῦ
922 2995 984 3056 -ος,
1017 2977 1063 3055 ὡς
1092 2977 1245 3055 μαρτυρεῖ

92 3074 315 3154 Ἀπολλώνιος
338 3074 358 3139 ὁ
379 3076 419 3140 τὰ
441 3074 674 3155 Ἀμγοναατικὰ
696 3075 793 3142 εἰπὼν
818 3077 993 3156 ..volutet
1024 3076 1071 3141 Οὐ
1094 3077 1166 3155 γὰρ
1189 3081 1245 3140 δα-

95 3176 256 3256 νάμεθα
289 3175 441 3256 είπείν,
474 3177 538 3242 ὅτι
570 3175 718 3258 Ἀττική
751 3179 899 3257 ἐστινὴ
924 3179 1058 3257 κλίσις.
1113 3177 1151 3243 Οἱ
1184 3177 1245 3257 γὰρ

91 3281 262 3358 Ἀθηναῖοι
284 3279 366 3344 κατὰ
392 3277 557 3360 ἀποβολὴν
582 3283 640 3344 τοῦ
663 3294 685 3344 σ
709 3281 887 3346 κλίνοασιν·
923 3279 995 3345 οἷον
1017 3283 1036 3344 ὁ
1058 3279 1165 3360 κάλως
1187 3283 1245 3345 τοῦ

98 3381 199 3446 κάλω.
244 3383 365 3457 Quodsi
386 3401 466 3441 nunc
489 3385 603 3444 ‘scholia
626 3387 833 3461 Apolloniana
848 3387 1032 3456 evolvemus,
1055 3386 1243 3446 inveniemus

98 3488 141 3544 ad
166 3485 281 3546 1566:
319 3480 449 3559 κάλωας
473 3480 526 3548 ἀπ’
551 3481 677 3562 εὐθείας
702 3487 762 3563 τῆς
785 3484 893 3562 κάλως
915 3483 1011 3548 κατὰ
1033 3474 1244 3561 Ἀττικούς.

100 3588 199 3648 Plane
219 3588 313 3662 igitur
341 3587 524 3646 contrarium
545 3587 593 3647 hic
616 3589 735 3648 dicitur.
785 3590 921 3666 Apparet
942 3590 1172 3664 grammaticum
1194 3589 1248 3646 ali·

99 3707 193 3765 quem
226 3689 257 3746 in
294 3688 400 3748 scholii
423 3689 562 3747 doctrina
584 3691 759 3768 offendisse,
794 3709 885 3766 quem
914 3708 976 3748 non
999 3689 1247 3748 Choeroboscum

97 3793 212 3867 ipsum,
252 3792 308 3848 sed
331 3789 541 3849 Herodianum
564 3791 657 3850 fuisse
680 3791 944 3850 verisimillimum
965 3801 1026 3865 est;
1062 3791 1143 3848 hunc
1166 3792 1247 3848 enirn

100 3892 258 3970 Apollonii
279 3909 392 3968 poema
414 3892 575 3968 diligenter
599 3894 777 3951 tractavisse
800 3894 847 3950 vel
869 3911 908 3950 ex
930 3889 1047 3950 Lentzii
1069 3893 1170 3950 indice
1195 3910 1247 3950 co·

98 4011 243 4070 gnosces.
288 3994 372 4052 Alius
394 3995 491 4068 locus,
516 3995 652 4069 quinon
674 3996 706 4052 in
735 4011 806 4052 vero
829 3993 878 4056 Et.
894 3994 936 4053 M.
958 3995 1118 4062 invenitur,
1141 3995 1249 4051 sedin

100 4115 149 4172 eo,
174 4097 257 4170 quod
279 4095 393 4154 dicitur
413 4090 502 4169 ἄλλο,
527 4104 626 4154 exstat
647 4096 678 4153 in
701 4097 808 4155 adnot.
831 4097 873 4153 ad
895 4095 989 4156 Gaisi.
1005 4096 1053 4154 Et.
1067 4095 1108 4157 M.
1128 4097 1196 4164 777,
1209 4100 1248 4156 40

99 4195 152 4276 (ex
176 4199 246 4255 cod.
271 4191 456 4275 Sorbonico)
479 4205 511 4254 et
533 4197 563 4255 in
593 4198 643 4256 Et.
664 4195 743 4258 Gud.
757 4198 828 4282 542,
843 4200 876 4258 2:
897 4187 1024 4271 Ὑπάτη
1046 4193 1065 4272 ἡ
1088 4192 1248 4272 ἀνωτάτη,

101 4299 237 4376 sequitur
260 4299 468 4374 veriloquium,
508 4299 636 4357 deinde:
676 4295 824 4374 σημαίνει
859 4294 894 4360 δὲ
926 4292 977 4358 καὶ
1003 4294 1041 4358 τὸ
1064 4295 1249 4358 κατώτατον

100 4397 214 4475 ὥσπερ
245 4395 463 4475 Ἀπολλώνιος
499 4394 622 4474 ,minuo
654 4395 673 4460 ὁ
699 4397 783 4461 τοῖσι
810 4394 894 4473 μάλα
926 4394 1018 4474 μόγις
1048 4395 1081 4461 ἐξ
1111 4393 1247 4459 ὑπάτοιο

99 4497 240 4577 στήθεος
263 4497 476 4578 ἀμπνεύσας“
511 4498 582 4564 ἀντὶ
615 4503 689 4564 τοῦ
720 4499 760 4562 ἐκ
788 4497 1014 4579 βαθυτάταν
1044 4497 1111 4564 καὶ
1132 4517 1247 4561 κατιο-
