2938 4922
694 254 711 320 ‘7

131 440 357 522 ὀνομασθῆναί
371 455 482 519 φασιν,
499 438 648 518 ἄσχημον
663 438 715 502 καὶ
732 439 951 518 βαθυαιδοῑον·
976 437 1028 502 καί
1043 439 1160 500 τοῦτον
1175 433 1273 514 ἀπαρ-

130 544 296 625 νήσασθω
314 542 374 620 τήν
390 539 600 620 Ἀφροδίτην·
624 539 677 603 καῖ
697 537 762 602 ἀπὸ
783 537 900 602 τούτου
915 536 1089 617 Ἀπαρνίδα
1110 540 1274 616 κληθῆναι,

130 645 216 711 κατὰ
237 645 274 710 δέ
291 627 477 720 Ιἐναλλαγήν
499 643 558 706 τοθ
579 640 741 720 στοιχείου
761 638 942 720 Ἀβαρνίδα.
998 637 1136 718 Οὕτως
1157 635 1275 716 Ὦρος

129 745 379 825 ὁΜιλήσιος
403 742 663 823 ἑτυμολόγος.
705 741 750 806 Τά
779 739 907 806 ἐθνικὸν
927 737 1120 822 Ἀβαρναῖος
1153 739 1205 805 καὶ
1237 739 1275 805 τὸ

130 845 273 926 θηλυκόν
296 835 487 925 Ἀβαρναίηε

232 999 330 1059 Schol.
354 999 410 1076 Ap.
432 1000 447 1058 Ι
468 1002 529 1060 932
551 994 760 1076 Ἀβαρνίδοςι
797 993 980 1076 ἡἈβαρνὶς
1002 993 1096 1074 πόλις
1118 997 1177 1072 τῆς
1191 993 1274 1073 Λαμ-

132 1095 252 1178 ψάκου.
275 1095 450 1177 ὠνομάσθη
475 1098 512 1163 δέ
528 1095 591 1162 ἀπό
603 1095 706 1176 αἰτίας
722 1096 890 1176 τοιαύτης·
914 1093 1083 1162 Διονύσου
1099 1095 1275 1175 ἐρασθεῖσα

131 1197 306 1278 Ἀφροδίτη
331 1197 420 1280 ἐμίγη
445 1195 542 1282 αὐτῷ,
575 1198 628 1262 καὶ
651 1196 929 1277 ἀναχωρήσαντος
952 1195 1052 1261 αὐτοῖν
1075 1193 1121 1276 εἰς
1144 1194 1202 1274 τὴν
1222 1195 1277 1260 Ἰν·

129 1299 226 1378 δικήν
247 1299 337 1379 ἐμίγη
359 1305 405 1385 τῷ
423 1299 579 1365 Ἀδώνιδι.
622 1291 680 1378 Ὦς
702 1301 738 1364 δὲ
760 1297 857 1378 ἦλθεν
880 1297 899 1362 ό
920 1297 1088 1378 Διόνυσος
1109 1297 1275 1376 στέφανον

130 1401 301 1481 ποιήσασα
324 1400 507 1480 ὑπήντησεν
529 1399 626 1486 αὐτῷ,
660 1400 713 1466 καῖ
741 1400 895 1480 στέψασα
927 1398 1028 1463 αὐτὸν
1057 1396 1277 1475 ἀκολουθῆσαι

132 1503 192 1581 μέν
213 1503 321 1589 ήδεῖτο
347 1504 400 1568 διὰ
421 1503 460 1568 τὸ
480 1502 541 1581 ήδη
557 1507 767 1580 γεγαμῆσθαι,
790 1499 837 1581 είς
860 1501 897 1566 δὲ
910 1499 1085 1580 Λάμψακον
1108 1497 1275 1579 ἀναχωρή-

129 1618 223 1668 σασα
244 1603 284 1668 τό
306 1603 339 1670 ἐξ
365 1602 465 1682 αὐτῆς
493 1603 760 1682 κυοφορούμενον
778 1599 939 1681 ’ἐβούλετο
964 1604 1075 1666 τεκεῖν.
1129 1600 1213 1681 Ἥρα
1240 1601 1277 1665 δέ

130 1707 361 1783 ζηλοτυποῦσα
376 1705 596 1787 μεμαγευμένῃ
619 1708 658 1785 τῇ
680 1703 760 1783 χειρὶ
774 1703 927 1781 ἐφήψατο
942 1706 1000 1781 τῆς
1016 1701 1160 1780 γαστρός
1175 1700 1276 1781 αὐτῆς

128 1806 186 1872 καὶ
208 1805 341 1886 ἐποίησε
363 1809 465 1870 τεκεῖν
485 1803 647 1883 ἄμορφον,
685 1805 723 1870 ὃν
745 1804 895 1883 Πρίαπον
917 1803 1221 1883 προσαγορευθῆναι
1243 1803 1279 1870 ἐκ

127 1910 191 1972 τοῦ
214 1955 243 1970 ..
262 1952 291 1968 ..
316 1905 567 1985 ἀπαρνήσασθαι
587 1905 647 1983 τὴν
673 1897 871 1986 Ἀφροδίτην,
894 1906 945 1969 καὶ
968 1905 1020 1969 διά
1042 1908 1140 1969 τοῦτο
1163 1893 1278 1985 Ἀπαρ-

129 2007 205 2074 νίδα
226 2010 396 2086 κληθῆναι·
421 2006 561 2085 ὕστερον
576 2007 613 2071 δέ
628 2007 709 2071 κατὰ
724 2003 893 2083 μετάθεσιν
907 2009 966 2071 τοῦ
982 2005 1145 2085 στοιχείου
1159 2005 1276 2085 ἐκλήθη

126 2108 294 2191 ,Ἀβαρνίς
316 2107 473 2189 Περκώτη
496 2110 532 2173 δὲ
553 2107 647 2187 πόλις
671 2108 801 2188 Τροίας,
822 2108 862 2186 ἣν
884 2106 937 2172 καῖ
956 2106 1103 2186 Ὅμηρός
1125 2121 1235 2186 φησιν.

234 2297 283 2356 Et.
306 2295 349 2356 M.
372 2299 421 2368 28,
444 2300 483 2356 24
506 2317 533 2356 v.
558 2293 659 2371 Αἰγαί.
702 2292 793 2370 Αἰγαί
817 2298 876 2374 τῆς
900 2293 1040 2374 Εὐβοίας
1071 2296 1175 2372 νῆσος
1201 2297 1279 2358 δυσ-

132 2395 296 2474 χείμερος·
324 2393 382 2474 ἀφ’
400 2393 440 2474 ἧς
461 2395 513 2460 καὶ
534 2395 572 2459 τά
595 2395 738 2475 πέλαγος
760 2393 892 2471 Αἰγαῖον
915 2394 1042 2474 ἐκλήθη.
1085 2393 1116 2459 οἱ
1136 2395 1182 2472 δὲ,
1213 2389 1278 2459 ἀπὸ

131 2495 345 2575 Ποσειδῶνος
367 2495 476 2575 οὕτως
497 2494 683 2575 ὠνομάσθη,
717 2495 822 2575 οὕτως
845 2496 907 2575 γὰρ
930 2496 1057 2572 λέγεται
1080 2493 1201 2574 ὁθεός.
1242 2495 1274 2584 οἱ

132 2598 170 2661 δέ
192 2595 258 2661 ἀπὸ
281 2597 411 2676 Αἰγέως
433 2601 492 2662 τοῦ
508 2598 636 2677 πατρὸς
647 2598 790 2677 θησέως,
815 2597 1135 2676 κατακρημνίσαντος
1161 2595 1277 2663 ἑαυτόν

133 2697 198 2763 ἀπὸ
219 2702 278 2776 τῆς
300 2697 511 2778 ἀκροπόλεως
534 2697 580 2778 εἰς
601 2699 660 2777 τὴν
682 2698 863 2765 θάλασσαν.
900 2696 980 2781 οὐ<κ
1002 2697 1077 2780 εὗ·>
1107 2698 1191 2763 πολὺ
1218 2699 1280 2778 γὰρ

133 2797 245 2894 ἀπέχει
264 2799 284 2878 ἡ
306 2797 480 2880 ἀκρόπολις
500 2803 559 2880 τῆς
582 2799 754 2880 θάλασσης
776 2799 979 2880 περιπλέοντι
1000 2801 1059 2878 τήν
1079 2802 1191 2878 νῆσον.
1218 2799 1278 2866 οὕ-

132 2922 210 2982 τως
231 2898 352 2981 Ὠρος
372 2901 430 2982 (sic
452 2905 525 2966 add.
547 2905 619 2968 Mill.
640 2923 669 2980 p.
685 2903 757 2981 13):

233 3039 332 3100 Schol.
356 3040 413 3116 Ap.
441 3041 549 3102 1831.
594 3035 739 3116 Αἰγαίηςτ
770 3037 808 3101 τό
836 3035 968 3113 Αίγαῖον
997 3036 1138 3117 πέλαγός
1166 3053 1278 3117 φησιν.

132 3131 249 3216 ἐκλήθη
275 3139 311 3202 δὲ
334 3136 400 3203 ἀπὸ
421 3139 525 3216 νήσου
546 3136 649 3216 Αἰγῶν
671 3139 882 3219 καλουμένης.
925 3138 1071 3218 Ὅμηρος
1096 3139 1206 3221 ,οἱ-δέ
1229 3160 1279 3205 τοι

132 3236 181 3317 είς
203 3234 332 3317 Ἑλίκην
353 3259 388 3303 τε
411 3239 464 3302 καὶ
485 3237 614 3319 Αἰγάςίί.
660 3238 738 3318 αὕτη
761 3240 824 3320 γὰρ
844 3238 916 3318 ἱερά
939 3239 1164 3323 Ποσειδιῖινος,
1197 3240 1278 3326 ἐνῇ
1361 3249 1364 3252 ’

132 3339 255 3419 μηδένα
280 3343 451 3419 κοιμᾶσθαι
473 3340 572 3421 λόγος
591 3341 645 3406 διὰ
665 3342 706 3406 τά
720 3340 938 3422 φαντάσματα
953 3345 1012 3406 τοιῖ
1027 3346 1115 3420 θεοῦ,
1137 3341 1183 3422 ὥς
1197 3359 1279 3422 φησι

133 3440 342 3520 Νικοκράτης.
379 3441 410 3506 οἱ
432 3443 467 3506 δὲ
492 3441 559 3507 ἀπὸ
580 3441 792 3520 Ποσειδῶνος
815 3441 1037 3521 ὀνομασθῆναί
1059 3456 1143 3521 φασι
1163 3443 1201 3508 τό
1224 3445 1279 3508 πέ-

131 3548 249 3621 λαγος·
271 3541 403 3622 Αἰγαῖος
425 3543 488 3622 γὰρ
510 3541 607 3623 οὗτος
630 3544 756 3619 λέγεται
769 3541 788 3606 ό
803 3542 889 3624 θεός,
911 3541 958 3621 ὥς
978 3557 1060 3622 φησι
1083 3543 1281 3624 Φερεκύδης.

133 3642 333 3724 Νικοκράτης
357 3644 394 3708 δέ
417 3659 518 3723 φησιν
541 3643 591 3708 ότι
614 3641 678 3708 ἀπὸ
689 3642 813 3723 Αἰγέως
828 3644 1148 3724 κατακρημνίσαντος
1164 3644 1281 3710 ἑαυτὸν

133 3744 200 3812 ἀπὸ
222 3749 280 3825 τῆς
303 3743 511 3824 ἀκροπόλεως
545 3743 591 3826 εἰς
614 3744 674 3822 τὴν
694 3742 873 3809 θάλασσαν.
926 3743 986 3809 οὐκ
1016 3743 1068 3810 εὖ·
1104 3747 1188 3812 πολὺ
1217 3747 1280 3827 γάρ

131 3845 244 3927 ἀπέχει
265 3846 286 3925 ἡ
309 3842 483 3926 ἀκρόπολις
505 3851 564 3926 τῆς
586 3843 757 3925 θαλάσσης
776 3846 1004 3925 παραπλέοντι.

232 4031 285 4096 Et.
303 4035 345 4096 M.
369 4038 439 4109 587,
463 4037 502 4094 46
534 4054 561 4093 ν.
606 4030 750 4111 Μίλητος
775 4029 884 4110 πόλις·
925 4030 1001 4098 ὅθεν
1031 4031 1083 4097 καὶ
1113 4032 1278 4112 Μιλήσιοι·

133 4133 202 4198 άπὸ
213 4131 358 4212 Μιλήτου
380 4131 452 4198 υἱοίί
461 4131 668 4213 Ἀπόλλωνος
690 4132 742 4196 καὶ
753 4131 867 4211 Ἀρίας
881 4133 960 4212 (τῇς
973 4131 1124 4212 Κλεόχου.
1148 4131 1280 4214 Ὠρος;

133 4241 178 4298 sic
199 4239 273 4298 add.
294 4237 368 4298 Mill.
391 4257 420 4314 p.
438 4230 533 4316 217>2

235 4391 333 4453 Schol.
358 4391 416 4469 Ap.
438 4391 452 4448 Ι
476 4393 533 4451 185
559 4391 600 4468 (ρ.
624 4394 695 4462 314,
720 4393 754 4450 31
781 4387 876 4470 Keil).
921 4385 951 4451 οἱ
974 4386 1009 4452 δέ
1042 4400 1145 4468 φασιν
1179 4387 1278 4456 αὐτὸν

135 4485 193 4572 (sc.
216 4488 375 4570 Μίλητον)
399 4487 603 4568 Ἀπόλλωνος
625 4490 677 4554 καί
697 4478 826 4570 Ἀρείας
849 4493 907 4570 τῇς
932 4486 1081 4568 Κλεόχου.
