2938 4922
760 256 779 310 8

302 435 368 496 Hos
391 438 486 504 locos,
523 453 705 512 quamquam
739 436 780 493 ad
802 435 925 494 verbum
946 435 1008 492 iere
1034 452 1103 493 curn
1126 433 1247 492 scholiis
1270 452 1344 493 con·

205 538 350 607 sentiunt,
385 545 487 594 tamen
509 554 572 594 non
594 554 632 593 ex
654 535 773 594 scholiis
796 536 879 614 ipsis,
903 538 958 596 sed
976 536 1098 594 aliunde
1115 544 1253 612 sumptos
1275 554 1346 595 esse

204 646 334 698 testatur
365 638 465 715 ipsum
486 637 535 696 Et.
558 636 600 698 M.
623 638 746 696 adiecto
769 637 820 696 illo
843 633 949 714 οὕτως
970 632 1078 713 Ὦρος.
1133 637 1259 716 Ritschl,
1291 639 1344 714 qui

208 739 288 798 hunc
310 737 405 798 Orum
428 739 467 797 ab
489 738 641 796 obhvione
663 739 828 797 vindicavit
847 739 878 796 in
900 740 1158 798 commentatione
1173 739 1213 796 de
1235 737 1297 798 Oro
1314 747 1345 796 et

207 826 425 918 Orione'(vide
447 840 594 916 opuscula
615 840 680 898 eius
703 841 762 899 vol.
784 840 798 897 Ι
827 860 857 916 p.
878 843 938 900 582
951 838 1041 916 sqq.)‚
1071 842 1208 902 nondum
1230 859 1344 917 cogno·

204 951 298 1017 verat,
322 944 479 1018 quomodo
502 941 582 1002 Orus
605 955 637 1000 et
658 941 773 1001 scholia
795 942 827 1001 in
842 942 1036 1019 Apollonium
1059 942 1255 1014 cohaereant,
1277 960 1346 1000 curn

207 1046 281 1104 dicit
303 1045 321 1104 l.
345 1045 364 1104 l.
385 1063 414 1120 p.
439 1046 513 1104 642:
534 1039 703 1122 ,,Ἀβαρνίς
725 1044 773 1103 Et.
798 1043 840 1101 M.
865 1045 934 1114 nt
966 1046 1007 1102 de
1038 1062 1100 1119 quo
1131 1051 1239 1104 notata
1267 1041 1346 1104 Oms

208 1155 260 1204 aut
282 1147 388 1204 debuit
410 1154 462 1205 aut
482 1146 622 1221 praebuit
643 1145 826 1205 scholiastae
851 1147 882 1204 in
903 1146 962 1221 Ap.
985 1145 1043 1204 Rh.
1063 1145 1077 1204 I
1099 1165 1124 1205 v.
1141 1140 1231 1206 932“.
1264 1145 1347 1204 Inter

209 1266 287 1325 quos
311 1266 389 1324 quae
412 1247 450 1304 sit
471 1247 558 1320 ratio,
591 1246 704 1323 primus
734 1247 883 1304 intellexit
902 1247 1045 1306 Lentzius
1078 1247 1109 1303 in
1130 1245 1308 1316 Herodiano
1332 1247 1347 1306 I

208 1369 239 1426 p.
263 1346 429 1420 CCXXIII,
462 1349 521 1425 qui
538 1349 613 1408 vidit
635 1346 730 1407 Orum
751 1347 891 1407 hausisse
924 1367 962 1406 ex
994 1346 1115 1406 scholiis
1138 1347 1348 1423 ApollouIanis

206 1452 365 1527 ipsumque
385 1467 487 1507 rursus
510 1450 631 1508 fluxisse
652 1450 683 1508 in
704 1448 808 1526 Steph.
832 1451 902 1526 Byz.
925 1447 1081 1523 lexicon¹3
1105 1449 1192 1508 cuius
1213 1467 1349 1508 conexus

208 1552 415 1610 testimonium
437 1560 538 1610 exstat
560 1551 778 1627 gravissimum,
807 1554 982 1628 quodcum
1005 1570 1022 1608 e
1044 1561 1148 1610 nostra
1171 1568 1294 1638 quoque
1317 1569 1349 1609 re

207 1653 246 1711 sit
267 1653 316 1712 hic
337 1652 507 1713 inserimus.
550 1653 673 1729 Legitur
695 1655 725 1712 ln
748 1653 851 1730 Steph.
873 1654 943 1729 Byz.
965 1672 991 1715 v.
1013 1648 1175 1731 Ἄβαρνος
1197 1651 1238 1729 (p.
1253 1655 1283 1724 4,
1308 1655 1346 1713 15

207 1749 336 1832 Mein.):
357 1740 577 1831 Ἀπολλώνιος
600 1751 797 1830 ,,Περκώτην
818 1750 845 1815 δ’
868 1751 918 1816 ἐπὶ
940 1757 978 1834 τῇ
995 1752 1046 1816 καὶ
1059 1739 1249 1833 Ἀβαρνίδος
1270 1751 1350 1830 ἠμα·

212 1852 356 1918 θόεσσαν
379 1851 502 1929 ἠιόνα“.
546 1856 644 1918 τοῦτο
677 1854 713 1919 δὲ
737 1854 911 1933 Σοφοκλῆς
943 1853 1208 1932 ὑπομνηματίῑων
1229 1853 1353 1934 ἱστορεῖ

210 1956 269 2034 τὴν
286 1952 480 2034 Ἀφροδίτην
503 1951 654 2033 ἄμορφον
686 1954 721 2018 ἐν
744 1952 910 2039 Λαμψάκῳ
933 1957 1094 2019 τεκοῦσαν
1122 1954 1179 2020 τὸν
1201 1954 1351 2034 Πρίαπον

212 2054 462 2136 ἀπαρνήσασθαι
482 2055 534 2119 καὶ
555 2056 614 2134 τὴν
635 2054 745 2135 χώραν
763 2055 940 2136 Ἀπαρνίδα
956 2057 1098 2136 καλέσαι,
1121 2056 1141 2134 ἣ
1157 2055 1238 2121 κατὰ
1251 2077 1353 2136 παρα·
1455 2061 1456 2070 ’

211 2157 340 2240 φθορὰν
362 2156 575 2238 καὶἈβαρνὶς
598 2161 748 2223 καλεῖται.
782 2163 939 2224 Habemus
960 2163 1049 2237 igitur
1068 2163 1160 2220 breve
1177 2171 1355 2239 excerptum

214 2284 252 2322 ex
264 2263 317 2324 Ori
339 2263 608 2334 commentatione,
631 2282 723 2342 quem
744 2266 883 2323 nondum
906 2264 952 2324 hle
973 2265 1085 2322 nostris
1107 2263 1138 2322 in
1159 2263 1355 2340 Apollonium

215 2365 346 2434 scholiis
379 2364 436 2423 sed
458 2363 617 2440 Sophoclis
639 2366 671 2422 in
693 2383 764 2423 eum
785 2367 1005 2425 commentario
1028 2384 1116 2424 usum
1138 2383 1207 2424 esse
1228 2364 1276 2424 hic
1298 2367 1355 2424 do·

214 2485 327 2526 cemur.
371 2466 412 2524 Et
433 2467 458 2524 si
479 2484 560 2524 nunc
588 2467 690 2527 denuo
708 2467 831 2544 plenam
856 2466 920 2526 Ori*
931 2468 1221 2526 commentationem
1252 2468 1283 2524 in
1305 2468 1355 2530 Et.

216 2569 257 2629 M.
269 2569 421 2644 prolatam
445 2583 515 2626 cum
531 2568 648 2626 scholio
663 2577 769 2628 nostro
790 2569 1044 2645 comparabimus
1067 2569 1246 2642 mirabimur,
1270 2571 1357 2645 quod

215 2670 246 2727 hi
272 2669 341 2740 loci,
364 2686 432 2726 cum
453 2669 525 2726 inde
548 2687 566 2725 a
589 2670 679 2728 tertio
700 2688 729 2746 p.
743 2669 812 2731 Chr.
835 2671 957 2730 saeculo
973 2670 1063 2746 plane
1079 2671 1223 2729 dIsiuncti
1238 2670 1356 2746 fuerim,

217 2772 297 2832 adeo
321 2771 525 2846 consentiunt,
563 2779 594 2829 et
616 2773 818 2846 gaudebImus
855 2781 918 2832 tam
945 2773 1094 2850 integrum
1129 2771 1179 2830 hic
1198 2771 1358 2848 Sophoclis

216 2872 466 2931 commentarium
486 2873 576 2932 nobis
598 2890 667 2932 esse
689 2875 844 2950 traditum,
878 2885 1044 2950 nostroque
1082 2873 1147 2932 iure
1170 2867 1357 2949 sperabinius

216 2973 281 3033 aliis
303 2991 427 3049 quoque
450 2974 525 3032 locis
546 2976 645 3034 multIs
668 2992 731 3034 rem
751 2977 885 3036 slmiliter
907 2995 941 3035 se
963 2975 1086 3045 habere,
1120 2993 1199 3052 quae
1227 2974 1356 3049 suspicio

216 3074 407 3135 confirmatur
441 3078 579 3135 secundo
614 3077 697 3152 locu,
734 3097 827 3155 quem
860 3097 951 3155 supra
977 3079 1158 3155 protulimus
1190 3073 1241 3152 (cs.
1263 3094 1292 3152 p.
1316 3071 1358 3152 7).

216 3175 389 3236 VerisImile
411 3185 459 3234 est
481 3179 546 3238 illos
569 3190 629 3240 tres
652 3183 738 3240 locos
753 3201 817 3240 non
835 3182 918 3240 solos
933 3199 970 3240 ex
983 3179 1045 3238 Oro
1061 3179 1210 3255 originem
1232 3178 1358 3245 ducere,

217 3285 274 3344 sed
295 3281 370 3340 alios
393 3306 516 3370 quoque
537 3291 608 3371 huic
629 3287 829 3365 grammatico
852 3285 966 3358 deberi,
990 3299 1067 3358 quos
1093 3297 1173 3339 nunc
1193 3278 1360 3338 testImonii

218 3388 322 3463 impia
345 3397 400 3473 ipsi
422 3394 596 3472 etymologo
619 3390 751 3450 tribuere
774 3386 919 3461 cogimur.

317 3499 358 3558 Et
379 3498 485 3556 Lucilli
507 3499 538 3554 in
559 3493 754 3571 Apollonium
776 3485 1025 3547 commentarium
1047 3484 1078 3542 in
1093 3477 1140 3542 Et
1158 3481 1201 3542 M.
1224 3481 1358 3540 sontibus

219 3602 251 3659 in
273 3618 360 3660 usum
382 3600 503 3657 venisse
524 3597 661 3655 videmus
684 3611 722 3651 err
743 3591 792 3651 Et.
815 3589 856 3648 M.
880 3590 949 3662 139,
972 3588 990 3646 5
1021 3604 1047 3644 ν.
1069 3578 1195 3660 ἀρείων.
1233 3578 1268 3643 Ὁ
1293 3580 1360 3658 βελ-

220 3699 314 3763 τίων·
336 3697 430 3774 (Mill.
453 3718 482 3776 p.
506 3702 544 3759 41
569 3698 655 3758 add:
680 3691 824 3769 Ὅμηρος
849 3685 991 3769 ,,πατρὸς
1013 3682 1096 3748 πολὺ
1118 3681 1267 3760 χείρονος
1292 3677 1363 3758 υἱὸς

221 3799 355 3881 τίιρείωνίι
379 3799 423 3878 (ll.
447 3793 586 3877 0641))
601 3779 695 3872 Ιπαρὰ
716 3791 754 3855 τὸ
777 3789 867 3869 ἄρης,
889 3783 931 3852 ἵν’
956 3787 975 3871 ᾖ
999 3783 1116 3863 κυρίως
1132 3781 1152 3845 ὁ
1167 3780 1248 3846 κατὰ
1269 3779 1362 3844 πόλε-

162 3973 169 3980 .
222 3922 282 3982 μον
305 3900 451 3966 καλλίων.
491 3897 585 3963 Οὕτω
608 3893 770 3974 Ταῤῥαῑος
792 3891 827 3957 ἐν
848 3892 917 3969 τοῖς
937 3878 1202 3966 Ἀργοναοτικοῑς.
1234 3885 1363 3942 Videtur

222 4067 420 4084 ffl-

324 4169 335 4206 ¹
354 4170 472 4234 Exiguus
486 4175 526 4218 est
538 4167 643 4232 tructus,
662 4163 708 4229 qui
726 4178 757 4212 ex
766 4159 892 4226 Stephani
912 4159 977 4224 Byr,
996 4171 1053 4206 curn
1072 4152 1182 4204 scholiis
1202 4151 1230 4201 in
1244 4151 1295 4217 Ap.
1306 4149 1362 4202 Rh.

223 4260 425 4328 comparatione,
437 4255 535 4324 percipi
555 4259 652 4320 potest,
670 4256 810 4317 propterea
826 4246 898 4313 quod
918 4243 1006 4311 Steph.
1026 4244 1092 4310 Byz.
1105 4240 1210 4290 lexicon
1229 4239 1306 4288 nimis
1326 4247 1366 4288 est

223 4352 394 4402 decurtatum.
440 4343 577 4396 Nonnulla
605 4341 639 4390 de
657 4339 751 4388 haere
769 4335 885 4388 invenies
905 4335 976 4383 Mus.
994 4332 1084 4382 Rben.
1103 4329 1187 4379 vol.I
1214 4344 1239 4394 p.
1258 4327 1312 4382 360
1339 4329 1367 4378 in

224 4437 454 4495 commentatione,
490 4449 542 4500 qua
577 4429 704 4494 Berglrius
738 4424 878 4492 Sophoclis
911 4419 1072 4486 grammatici
1102 4416 1252 4468 memoriam
1281 4417 1367 4468 rediu-

223 4526 340 4593 tegravit.
