2938 4922
783 242 817 296 26

226 414 285 496 μὸν
304 413 403 495 ἄκρην
425 437 459 481 τε
481 415 665 482 Μέλαινανιι
688 413 809 500 (ΑμΙΙ
826 413 908 496 349).
952 412 1098 494 ποταμὸς
1121 413 1249 492 πλωτός
1273 413 1362 477 Βιθυ-

225 517 305 596 νίας,
328 514 402 596 παρ’
428 518 454 602 ᾧ
477 516 555 598 ἀκτή
576 520 648 598 (leg.
670 516 766 601 ἄκρα)
789 518 857 583 έστι
877 516 1024 582 Μέλαινα
1046 515 1236 594 καλουμένη,
1260 519 1363 596 νῆσος

210 618 385 702 Βιθυνίας,
411 640 490 699 quae
511 624 542 682 in
564 624 684 682 scholiis
700 623 817 682 ‘nostris
832 615 931 699 'paulo
952 621 1091 680 breviora
1106 620 1181 678 etin
1204 621 1266 678 duo
1280 621 1365 696 glos-

225 732 342 810 semata
358 723 483 783 discissa
507 733 591 795 sunt;
615 726 699 800 quod
721 725 841 784 accedit
860 724 963 798 νῆσος
979 717 1139 799 Βιθυνίας,
1162 740 1225 780 non
1244 721 1361 780 intelle·

224 827 305 901 gitur
324 825 382 884 nisi
405 845 444 884 ex
465 823 532 902 ipso
554 826 734 902 Apollonio:
771 826 820 882 hic
841 825 922 883 enim
954 825 984 882 in
1007 823 1148 899 sequenti
1170 840 1258 882 versu
1279 823 1364 899 Thy-

225 927 317 986 neida
339 925 466 986 insulam
482 936 710 1004 commemorat,
733 927 765 984 in
781 943 871 1002 quam
887 927 952 984 sine
967 925 1061 984 dubio
1077 925 1160 982 cadit
1174 923 1248 982 illud
1260 922 1366 1000 νῆσος

226 1023 387 1104 Βιθυνίαςς
425 1029 511 1104 haec,
534 1047 602 1087 curn
624 1029 683 1088 iam
705 1029 736 1088 in
759 1028 874 1088 scholio
898 1029 1002 1086 desset
1023 1027 1144 1102 lemma,
1174 1025 1366 1102 etymologus

226 1148 287 1206 qua
309 1138 357 1188 est
379 1131 520 1190 socordia
534 1148 595 1189 una
610 1116 778 1207 exscripsit.
822 1127 986 1189 Praeterea
1007 1128 1113 1187 confer
1120 1128 1170 1186 Et.
1179 1127 1221 1186 M.
1236 1129 1306 1203 541,
1322 1131 1365 1188 34

225 1251 253 1292 v.
277 1227 462 1308 Κρωβίαλος
485 1241 517 1290 et
538 1249 617 1314 quae
639 1234 777 1310 leguntur
798 1233 829 1289 in
851 1229 945 1292 schol.
968 1229 1025 1306 Ap·
1049 1231 1092 1288 ad
1112 1228 1141 1287 II
1163 1229 1220 1289 941
1248 1238 1280 1287 et
1294 1233 1367 1291 942.

323 1331 393 1390 Ηυο
415 1334 568 1392 accedunt
580 1333 716 1392 nonnulli
737 1333 806 1411 loci,
828 1332 938 1408 quibus
953 1332 1019 1390 sine
1035 1331 1130 1389 dubio
1142 1329 1255 1390 scholia
1267 1331 1366 1408 Apol·

229 1434 353 1498 loniana
373 1435 514 1513 subsunt;
537 1435 615 1492 inter
638 1442 743 1493 nostra
765 1443 869 1497 autern
891 1432 1016 1502 scholia,
1046 1433 1159 1509 quippe
1181 1451 1260 1510 quae
1283 1435 1369 1492 aliud

224 1534 400 1612 praebeant,
433 1535 519 1594 locus
540 1537 566 1595 is
588 1536 649 1594 iam
670 1544 812 1604 nonest,
845 1543 878 1594 ut
907 1542 989 1593 recte
1012 1535 1098 1594 alteri
1129 1535 1170 1593 illi
1200 1537 1366 1612 etymologi

225 1638 395 1698 recensioni
416 1637 570 1698 attribuas
614 1637 650 1695 ln
670 1638 716 1698 Et.
729 1636 772 1696 M.
791 1639 841 1705 24,
855 1641 894 1696 10
920 1655 947 1696 ν.
967 1631 1180 1712 Ἀθαμάντιον
1202 1637 1261 1694 hoc
1276 1637 1369 1695 scho-

226 1741 289 1804 lion
311 1741 352 1798 ad
374 1740 429 1816 Ap.
453 1759 478 1796 v.
500 1739 528 1796 II
550 1740 611 1800 513
626 1756 670 1814 sq.
693 1739 743 1816 qui
766 1745 984 1814 proponuntur,
1007 1739 1132 1813 legitur:
1162 1733 1232 1798 ἔστι
1256 1735 1292 1800 δέ
1311 1755 1367 1799 πε·

224 1836 296 1955 >διὰς
327 1837 362 1902 έν
393 1836 559 1919 θεσσαλίᾳ
586 1836 766 1915 καλουμένη
788 1825 985 1915 Ἀθαμαντία
1014 1835 1067 1900 διὰ
1100 1835 1138 1899 τὸ
1171 1835 1276 1901 ἐκεῖσε
1308 1837 1370 1901 τὸν

237 1939 409 2017 Αθάμαντα
431 1940 616 2003 πλανᾶσθαι
639 1938 717 2016 μετὰ
747 1937 785 2001 τὸ
817 1939 978 2016 φονεῦσαι
1009 1937 1068 2001 τὸν
1094 1935 1178 2003 ἴδιον
1200 1936 1271 2002 υἱὸν
1293 1937 1371 2002 Κλέ-

228 2059 334 2119 αρχον
341 2039 361 2119 1,
384 2039 470 2122 χόλῳ
485 2044 543 2117 της
557 2037 669 2118 Ἥρας,
692 2038 742 2102 ότι
757 2037 918 2117 ἀνέθρεψε
930 2038 988 2103 τὸν
1004 2036 1181 2103 Διόνυσον.
1204 2037 1369 2117 ἐφόνευσε

226 2143 263 2206 δὲ
286 2139 387 2205 αὐτὸν
409 2139 454 2219 εἰς
477 2140 578 2218 θήραν
591 2140 711 2228 μανεὶς
733 2139 844 2218 δόρατι
866 2139 1003 2218 νομίσας
1027 2137 1151 2218 ἔλαφον
1174 2137 1260 2204 είναι.
1290 2139 1370 2206 ὅθεν

226 2243 357 2321 καὶτῆς
381 2241 546 2326 βασιλείας
568 2241 701 2309 ἐξέπεσε
735 2241 787 2304 καὶ
818 2245 876 2318 τῆς
895 2229 994 2320 Ἰνοῦς
1022 2245 1081 2319 τῆς
1104 2241 1256 2321 γυναικὸς
1279 2241 1370 2307 έστε·

230 2345 310 2438 ρήθη
334 2345 465 2410 καὶτοῦ
488 2343 569 2410 ἰδίου
591 2344 662 2409 υἱοῦ
683 2343 890 2423 Μελικέρτου,
913 2342 1108 2423 ἀμφοτέρων
1130 2341 1176 2422 εἰς
1197 2343 1370 2408 θάλασσαν

231 2446 439 2526 ἐμπεσόντων
468 2447 520 2510 καὶ
554 2443 753 2526 οἰκησάντων
789 2443 927 2528 προνοίᾳ
957 2444 1168 2523 Ποσειδῶνος
1202 2443 1238 2509 ἐν
1274 2442 1366 2528 αὐτῇ.

227 2547 331 2626 οὕτως
358 2545 454 2626 εὗρον
476 2546 612 2626 σχόλιον
634 2545 680 2625 εἰς
711 2547 751 2610 τὰ
774 2537 1004 2626 Ἀργοναυτικὰ
1021 2546 1244 2611 Ἀπολλωνίου
1272 2545 1366 2624 (Cod.

226 2651 274 2708 Va
297 2653 466 2710 accuratius
490 2655 548 2710 etsi
572 2661 726 2729 corrupte:
763 2648 897 2727 σχόλιον
923 2646 1020 2728 εὗρον
1051 2647 1097 2728 εἰς
1120 2647 1158 2711 τὸ
1179 2639 1209 2711 θ’
1231 2645 1303 2730 (leg.
1326 2647 1369 2728 β’)

214 2752 291 2813 ’τιῖιν
310 2748 592 2828 Ἀργοναυτικιῖιν).
649 2752 684 2810 In
711 2761 815 2812 nostro
842 2753 959 2812 scholio
993 2756 1035 2812 ad
1064 2754 1081 2812 l.
1103 2754 1121 2812 l.
1155 2754 1214 2811 hoc
1250 2760 1370 2811 tantum

227 2860 342 2911 exstat:
363 2845 575 2932 Ἀθαμάντιον
591 2853 628 2917 δὲ
638 2852 749 2918 πεδίον
772 2851 858 2915 οὕτω
881 2851 1081 2931 καλούμενον
1097 2851 1169 2930 περὶ
1183 2852 1242 2929 τὴν
1256 2849 1369 2915 Ἅλον.

227 2953 396 3036 κατῴκησε
418 2952 481 3031 γὰρ
500 2953 645 3033 Ἀθάμας
668 2953 702 3018 ἐν
729 2953 815 3036 ‘utu
835 2957 873 3035 τῇ
896 2952 986 3037 νόσῳ
1007 2958 1066 3030 τῆς
1081 2952 1253 3033 ,βασιλείας
1275 2953 1363 3018 ἐξελ-

228 3052 304 3127 θών,
337 3058 388 3116 ubi
410 3076 594 3137 quamquam
617 3060 810 3118 Athamantis
836 3059 915 3135 regis
938 3061 1061 3116 morbus
1085 3059 1226 3132 tangitur,
1261 3068 1370 3118 tamen

227 3169 260 3217 ut
282 3161 446 3236 etymologi
467 3163 765 3238 commentationem,
800 3179 891 3236 quam
921 3149 1049 3220 testatur
1077 3177 1115 3216 ex
1147 3160 1267 3218 scholiis
1294 3177 1368 3220 esse

227 3269 388 3338 sumptam,
419 3262 587 3320 adiciamus
611 3263 659 3319 vel
687 3263 853 3320 inseramus
876 3261 939 3318 fieri
966 3262 1047 3319 nullo
1069 3262 1164 3320 modo
1185 3270 1297 3337 potest.
1326 3295 1372 3304 -

226 3362 275 3423 Et.
298 3363 339 3423 M.
364 3366 433 3438 772,
456 3363 494 3422 38
525 3383 551 3424 ν.
575 3359 732 3439 Τυφάονα
758 3360 810 3423 καὶ
839 3359 1008 3439 Τυφαονία
1042 3359 1144 3437 πέτρα
1176 3357 1261 3440 (add.
1296 3363 1372 3424 Mill.

227 3482 256 3540 p.
273 3461 348 3541 288)
378 3457 450 3527 οἷον
483 3460 676 3542 ,,Καυκάσου
708 3461 743 3526 έν
777 3464 923 3540 κνημοῖσι
944 3460 1109 3544 Τυφαονίη
1142 3459 1206 3524 ὑπὸ
1235 3461 1372 3546 πέτρῃίί.

228 3563 348 3641 κνημὸς
380 3563 399 3628 ὁ
432 3564 552 3642 τραχὺς
586 3563 638 3627 καὶ
669 3563 812 3643 σκληρὸς
845 3562 954 3640 τόπος.
1010 3561 1131 3626 Ἰστέον
1165 3563 1217 3634 δέ,
1251 3561 1300 3626 ὅτι
1329 3564 1372 3628 τὸ

229 3663 401 3729 Ποσειδῶν
441 3666 663 3744 διαιρούμενον
700 3665 893 3730 Ποσειδάων
926 3663 1160 3743 Ποσειδάωνος
1195 3662 1373 3743 φυλάττει·

227 3765 265 3828 τὸ
288 3765 323 3828 δὲ
346 3764 463 3844 Τυφὼν
485 3766 709 3845 διαιρούμενον
737 3767 908 3830 συστέλλει
935 3763 1075 3845 Τυφάων
1098 3763 1281 3844 Ῐυφάονος.
1317 3765 1375 3830 καὶ

228 3866 394 3945 Τυφαονία
431 3867 533 3946 πέτρα
565 3866 654 3932 ἐστὶν
690 3867 797 3946 ὑψηλὴ
836 3865 872 3931 ἐν
911 3872 957 3950 τῷ
993 3865 1163 3951 Καυκάσῳ·
1199 3865 1373 3948 Καύκασος

229 3966 264 4030 δέ
288 3963 545 4045 ὄροςΣκυθικὸν
567 3968 618 4032 καὶ
640 3967 753 4046 ἕτερον
775 3957 915 4032 Ἰνδικόν.
937 3965 1124 4045 ὠνόμασται
1144 3969 1180 4032 δέ
1199 3967 1252 4033 διὰ
1271 3966 1310 4030 τὸ
1333 3967 1374 4036 ἐν

229 4065 317 4151 αὐτῷ
338 4067 534 4147 διωκόμενον
556 4069 614 4134 τὸν
628 4069 767 4148 Τυφῶνα
781 4067 845 4133 ὑπὸ
860 4067 943 4146 Διὸς
957 4070 1136 4147 πεπλῆχθαι
1150 4075 1195 4154 τῷ
1214 4079 1373 4158 κεραυνῷ.

229 4169 392 4248 πληγέντα
412 4170 448 4235 δέ
470 4169 569 4236 αὐτόν
592 4185 675 4250 φασι
690 4170 860 4250 καιόμενον
876 4169 1024 4235 ἀπελθεῖν
1048 4168 1094 4249 εἰς
1109 4169 1167 4246 τὴν
1182 4171 1373 4251 Σερβωνίδα

328 4395 417 4450 ¹Filii
444 4414 539 4448 nomen
560 4397 698 4464 Κλέαρχος
725 4404 874 4463 corruptum
902 4405 942 4448 est
966 4414 997 4447 ex
1021 4395 1153 4464 Λέαρχος,
1180 4363 1252 4463 quod
1278 4400 1372 4454 vitium

230 4489 308 4538 etiarn
326 4487 444 4538 invenies
465 4488 493 4537 in
513 4487 596 4538 schol.
617 4489 643 4536 D
662 4487 696 4539 11.
712 4487 732 4538 Η
751 4487 795 4552 86,
815 4486 861 4535 ubi
880 4486 962 4538 schol.
980 4487 1008 4536 A
1025 4496 1124 4537 rectum
1143 4487 1262 4539 servavit.
