2938 4922
454 817 736 900 Sententiae
763 819 1114 901 controversae.

317 1133 344 1186 1.
389 1127 489 1186 Schol.
511 1126 610 1186 Thuc.
632 1126 647 1185 Ι
672 1129 741 1204 112,
762 1129 779 1184 5
804 1123 845 1202 (p.
870 1129 919 1197 33,
943 1129 981 1186 41
1006 1126 1143 1200 Haase):
1180 1122 1229 1188 ὅτι
1257 1123 1362 1190 εἴκοσι

217 1223 277 1289 δύο
298 1222 413 1304 πόλεις
433 1223 520 1302 ήσαν
543 1224 756 1303 Δελφικαί,
780 1223 826 1289 ὧν
849 1225 903 1304 μία
925 1223 965 1302 ἦν
988 1223 1019 1289 οἱ
1040 1225 1176 1306 Δελφοί.
1219 1229 1360 1288 Scriben-

217 1329 292 1388 dum
313 1338 362 1388 est
383 1324 534 1390 Φωκικαί.
1048 1331 1050 1338 ’

316 1432 343 1489 2.
387 1431 425 1489 In
446 1430 541 1490 schol.
564 1419 622 1505 Ap.
646 1431 748 1490 Rhod.
769 1431 784 1487 Ι
809 1432 868 1490 117
891 1432 954 1488 duo
977 1431 1109 1492 nominis
1132 1426 1282 1506 Ἀσωπός
1304 1431 1361 1488 flu·

216 1532 298 1590 mina
322 1531 484 1588 commixta
503 1539 584 1590 sunt.
749 1603 750 1612 ἵ

315 1633 343 1692 3.
387 1629 487 1690 Schol.
510 1631 567 1706 Ap.
588 1631 691 1690 Rhod.
714 1632 826 1692 1224:
861 1627 880 1692 ὁ
910 1629 946 1692 δὲ
968 1627 1144 1708 δεξάμενος
1164 1629 1223 1694 τὸν
1245 1628 1362 1706 Πηλέα

216 1728 262 1806 ῶς
285 1727 336 1792 ἐπὶ
358 1727 460 1806 θήραν
483 1726 529 1807 εἰς
551 1728 589 1792 τὸ
610 1728 734 1807 Πήλιον
755 1729 952 1807 κατέλειψεν,
977 1728 1030 1793 ἵνα
1052 1729 1116 1793 ὑπὸ
1145 1729 1263 1809 θηρίων
1292 1734 1362 1794 δια-

216 1833 334 1912 φθαρῇ.
379 1831 453 1890 Post
474 1828 598 1907 Πήλιον
620 1834 760 1892 lacunam
782 1842 894 1892 statuo.
939 1891 942 1898 ,

315 1937 343 1994 4.
387 1932 422 1990 In
445 1932 539 1995 schol.
561 1937 618 2010 Ap.
632 1934 734 1993 Rhod.
751 1933 764 1991 I
780 1937 839 1994 269
862 1935 912 1992 hic
934 1936 1097 1993 verborum
1119 1936 1196 1994 ordo
1211 1945 1259 1994 est
1273 1937 1361 1994 resti-

167 2059 169 2066 ·
215 2035 362 2093 tuendus:
399 2031 452 2094 καὶ
473 2030 576 2109 γὰρὴ
597 2035 700 2110 γραῦς
722 2032 782 2109 τὴν
808 2031 908 2110 κόρην
931 2030 1116 2112 ἀνατρέφει,
1145 2035 1190 2114 ὡς
1214 2033 1234 2110 ἡ
1257 2033 1363 2112 μήτηρ

215 2131 297 2211 (ὑπὸ
319 2135 378 2196 τοῦ
400 2131 472 2196 οἱοῦ
493 2132 673 2214 τρέφεται>.
717 2133 848 2213 καὶγὰρ
865 2134 904 2198 τὸ
918 2138 1022 2213 γῆρας
1044 2134 1097 2198 καὶ
1111 2135 1131 2214 ἡ
1148 2137 1279 2214 βραχεῖα
1292 2134 1362 2213 ήλι-

216 2233 267 2297 κὶα
289 2234 482 2312 παρεοίκασι
504 2233 587 2312 πρός
620 2253 655 2298 τε
684 2236 723 2300 τὸ
743 2233 950 2314 ἀφερέπονον
983 2235 1035 2304 διὰ
1068 2237 1127 2314 τήν
1160 2235 1293 2314 ἡλικίανι
1308 2236 1364 2300 καὶ

214 2334 297 2413 πρὸς
319 2334 357 2398 τὸ
383 2337 510 2418 χρῄζειν
529 2338 587 2412 τῆς
609 2335 806 2414 τρεφούσης.

317 2443 344 2500 5.
388 2437 487 2497 Schol.
510 2439 569 2514 Ap.
592 2438 694 2500 Rhod.
715 2439 760 2497 IV
785 2443 882 2500 1002:
919 2437 950 2502 οἱ
975 2439 1011 2502 δὲ
1040 2438 1092 2502 διὰ
1117 2442 1183 2502 τῶν
1212 2437 1364 2502 Κυανέων

216 2536 347 2614 νήσων
369 2535 427 2599 τὸν
449 2535 590 2601 ἔκπλουν
622 2535 836 2616 ποιησάμενοι
859 2537 975 2617 Κόλχοι
998 2539 1205 2617 κατήντησαν
1234 2537 1279 2616 εἰς
1301 2539 1365 2616 τήν

218 2637 382 2716 Κέρκυραν
403 2639 515 2714 νῆσον.
560 2640 619 2701 Pro
641 2638 753 2716 νήσων
776 2635 940 2718 legendum
962 2653 1011 2702 est
1031 2643 1167 2717 πετρῶν.

317 2744 345 2802 6.
388 2742 507 2800 Erravit
527 2741 673 2816 Bergkius
689 2741 770 2801 Mus.
793 2743 893 2802 Rhen.
915 2743 929 2800 I
950 2763 980 2820 p.
993 2746 1063 2813 360,
1089 2760 1160 2802 cum
1181 2743 1364 2828 existimavit

218 2841 410 2918 Sophoclem,
432 2843 483 2918 qui
504 2843 536 2900 in
558 2843 650 2902 schol.
666 2845 722 2918 Ap.
736 2843 953 2905 Rhod.11178
975 2852 1238 2923 commemoratur,
1261 2861 1364 2918 gram-

217 2943 361 3002 maticum
383 2961 451 3004 csse
474 2943 562 3003 huius
584 2945 723 3006 nominis.

319 3047 346 3107 7.
390 3046 534 3121 Apollon.
558 3045 650 3122 Soph.
674 3048 728 3107 lex.
750 3045 842 3106 Hom.
865 3066 893 3106 v.
916 3041 1099 3127 κελσάσῃσι
1121 3041 1162 3122 (p.
1178 3047 1226 3116 97,
1250 3047 1290 3106 25
1311 3047 1369 3106 ed.

217 3143 365 3223 Bekker):
380 3137 570 3228 κελσάσῃσι,
585 3143 854 3223 ὁρμηθεὶοαις·
871 3142 1070 3228 ,,κελοάσῃσι
1081 3143 1118 3208 οὲ
1128 3142 1224 3221 νηυσὶ
1237 3142 1369 3207 καθείλ-

217 3265 315 3325 κομεν
334 3243 422 3309 ἱστία
443 3243 580 3310 πάντα“.
624 3247 768 3324 Propono
789 3245 1020 3325 ὁρμισθείσαις.

318 3352 347 3410 8.
391 3348 510 3408 Ibidem
543 3367 570 3410 v.
593 3347 684 3424 κῶμα
715 3345 755 3426 (p.
791 3351 862 3426 106,
895 3351 933 3410 10
951 3345 1017 3426 Β.);
1048 3347 1148 3426 κῶμα,
1187 3345 1370 3425 κώμημα,

171 3532 175 3538 .
216 3446 330 3526 ὕπνος.
376 3446 514 3526 Κώμημα
536 3450 716 3508 mutandum
738 3451 838 3508 estin
860 3446 1006 3527 κοίμημα.
