2938 4922
157 1415 164 1426 ’
218 1411 338 1471 Scholia
368 1413 400 1468 iu
421 1411 576 1488 Apollonii
598 1413 712 1472 Rhodii
735 1412 953 1488 Argonautica,
988 1410 1165 1470 doctissima
1195 1411 1258 1470 iere

114 1522 147 1570 et
170 1495 418 1589 locupletissima,
450 1531 529 1589 quae
559 1521 696 1572 aetatem
718 1516 825 1582 tulere,
860 1515 898 1571 ab
930 1512 1131 1590 Etymologici
1158 1511 1266 1588 Magni

114 1622 244 1673 auctore
267 1615 307 1673 ad
328 1615 432 1690 copias
454 1632 525 1672 suas
547 1615 779 1691 amplificandas
806 1617 837 1674 in
860 1635 949 1674 usum
972 1632 1041 1673 esse
1057 1621 1167 1672 vocata
1187 1615 1267 1672 inter

113 1715 257 1773 homines
281 1715 391 1774 doctos
412 1714 592 1774 iamdudum
617 1725 748 1776 constat.
796 1715 983 1776 Nonsemel
1006 1715 1202 1783 dictumest,
1228 1733 1266 1773 ex

114 1815 178 1874 hoc
200 1816 284 1875 sonte
306 1815 422 1875 scholia
444 1816 511 1892 ipsa
533 1819 691 1876 emendari
712 1835 815 1894 posse,
838 1819 959 1892 singula
974 1834 1097 1893 quoque
1119 1815 1150 1874 in
1165 1816 1264 1875 adno-

114 1916 282 1975 tationibus
305 1917 346 1974 ad
368 1916 418 1976 Et.
441 1916 482 1976 M.
517 1926 547 1976 et
569 1919 611 1975 ad
631 1917 746 1976 scholia
767 1919 972 1994 Apolloniana
1002 1937 1020 1977 a
1045 1918 1145 1976 Keilio
1180 1918 1265 1976 edita

115 2017 232 2075 collata
254 2026 334 2087 sunt,
356 2019 413 2076 sed
434 2019 606 2077 accuratius
628 2036 719 2077 nemo
742 2020 842 2079 adhuc
862 2020 893 2078 in
908 2020 989 2079 hanc
1011 2037 1074 2077 rem
1097 2019 1263 2094 quaesivit;

116 2119 318 2195 excipiendus
341 2120 470 2178 fortasse
504 2129 551 2178 est
583 2121 665 2178 solus
689 2120 865 2188 Merkelius,
899 2121 950 2197 qui
983 2121 1014 2178 in
1036 2119 1266 2195 Prolegomenis

117 2222 164 2280 ad
186 2220 342 2298 Apollonii
366 2219 478 2280 Rhodii
501 2222 709 2296 Argonautica
741 2241 770 2298 p.
793 2222 851 2280 LX
861 2239 927 2298 sqq.
960 2223 1106 2281 continua
1129 2222 1266 2280 oratione

116 2321 161 2378 de
183 2320 240 2380 hac
262 2341 294 2379 re
316 2321 386 2396 egit.
420 2323 482 2382 Sed
504 2323 553 2381 hic
575 2341 698 2400 quoque
717 2325 791 2382 satis
807 2324 912 2382 habuit
936 2341 1081 2399 magnum
1103 2340 1263 2382 numerum

115 2424 254 2480 locorum
290 2422 368 2481 inter
393 2425 507 2484 scholia
538 2434 570 2483 et
596 2425 644 2486 Et.
667 2425 709 2486 M.
731 2424 1004 2484 consentientium
1033 2424 1263 2501 composuisse;

116 2523 264 2600 quivero
287 2524 399 2584 fructus
419 2526 491 2584 inde
514 2526 581 2602 capi
600 2526 698 2602 possit
721 2544 863 2604 quaeque
885 2526 963 2586 ratio
991 2525 1029 2584 sit
1049 2527 1127 2586 inter
1149 2524 1265 2585 scholia

115 2633 152 2682 et
174 2624 222 2686 Et.
244 2624 297 2696 M,
331 2644 478 2702 quaerere
512 2628 563 2687 illo
599 2628 725 2703 quidem
763 2629 831 2687 loco
854 2645 917 2686 non
940 2628 972 2685 in
993 2629 1095 2687 animo
1117 2620 1263 2696 habebat,

113 2726 265 2802 quoniam
286 2729 375 2804 longe
397 2728 457 2786 hoc
478 2730 583 2788 aberat
605 2729 647 2786 ab
671 2729 716 2803 iis,
740 2746 819 2805 quae
841 2729 898 2788 sibi
919 2737 1122 2805 proposuerat
1143 2730 1174 2786 in
1189 2727 1262 2787 Pro·

116 2828 289 2903 legomenis
311 2830 479 2892 tractanda.
525 2828 663 2906 Cumque
687 2838 750 2889 tam
772 2831 903 2888 breviter
919 2832 960 2888 de
975 2849 1007 2888 re
1029 2830 1136 2907 egerit,
1159 2823 1264 2888 mirum

116 2945 184 2986 uon
207 2929 272 2998 erit,
293 2931 378 3006 quod
394 2929 539 2988 nonnulla
556 2947 593 2989 ex
612 2930 659 3005 iis,
682 2947 762 3006 quae
779 2931 903 3007 profert,
926 2950 988 2990 non
1004 2932 1077 2990 satis
1092 2931 1263 3008 perspicua,

116 3031 264 3088 nonnulla
284 3048 302 3088 a
325 3032 450 3091 veritate
472 3032 571 3090 aliena
593 3028 741 3090 videntur.
798 3032 918 3106 Quibus
957 3034 1057 3092 causis
1097 3041 1267 3092 commotus

117 3149 190 3190 cum
210 3131 288 3190 haec
311 3134 472 3193 tractanda
492 3134 687 3209 susciperem,
710 3151 773 3191 non
787 3152 836 3192 me
864 3134 940 3210 fugit
962 3134 1160 3194 difficultates
1184 3134 1269 3193 haud

117 3249 229 3308 parvas
251 3233 382 3292 officere.
426 3234 557 3294 Primum
580 3236 698 3293 lexicon
720 3235 803 3312 illud,
831 3225 881 3294 cui
900 3253 957 3294 nos
974 3236 1107 3294 tribuere
1130 3235 1264 3294 solemus

116 3351 232 3392 nomen
255 3333 456 3410 Etymologici
478 3337 593 3411 Magni,
625 3354 689 3394 non
719 3345 766 3395 est
791 3355 894 3395 verum
914 3333 1146 3412 ἐτυμολογικὸν
1169 3333 1260 3413 μέγα,

118 3434 213 3492 immo
236 3436 438 3511 compositum
458 3446 506 3495 est
529 3455 565 3496 ex
586 3454 657 3494 vero
680 3437 887 3514 Etymologico
909 3438 1023 3515 Magno
1059 3438 1167 3514 partim
1202 3439 1268 3496 aliis

119 3554 160 3594 ex
183 3535 317 3594 fontibus
350 3546 442 3596 aucto
472 3538 581 3613 partim
615 3538 707 3595 etiam
742 3539 772 3595 in
805 3539 927 3596 brevius
960 3540 1095 3599 redacto.
1152 3538 1273 3596 Verum

120 3646 224 3696 autem
245 3633 472 3714 ἐτυμολογικὸν
504 3636 586 3715 μέγα
620 3639 722 3698 adhuc
757 3641 878 3698 duobus
919 3641 1077 3700 codicibus
1109 3657 1268 3716 superesse

120 3739 229 3797 docuit
258 3739 501 3799 Reitzensteinus
532 3741 564 3798 in
590 3739 739 3815 Philologi
772 3741 831 3799 vol.
853 3742 893 3800 48
927 3737 1036 3818 (1889)
1071 3761 1100 3818 p.
1123 3743 1183 3802 450
1199 3759 1264 3838 sq.·;

121 3857 251 3916 quorum
272 3840 413 3898 codicum
428 3841 528 3909 unius,
550 3839 727 3910 Florentini,
751 3840 909 3916 specimen
925 3842 1044 3900 editum
1060 3851 1105 3902 est
1121 3842 1265 3902 aMillero

119 3943 152 4000 in
175 3939 331 4018 Melanges
353 3943 394 4000 de
415 3935 581 4001 litterature
602 3941 752 4018 Grecque,
776 3943 861 4014 alter,
887 3942 1064 4013 Vaticanus,
1086 3943 1265 4003 Florentino

120 4042 303 4119 locupletior
323 4051 354 4100 et
376 4043 576 4111 emendatior,
610 4042 711 4102 adhuc
741 4043 878 4101 ineditus
902 4063 920 4102 a
946 4044 1174 4104 Reitzensteino
1200 4043 1267 4122 ipso

120 4146 153 4203 in
173 4144 270 4203 lucem
292 4143 452 4204 emittetur.
497 4141 651 4215 Quoniam
674 4152 776 4202 autem
798 4163 903 4202 verum
926 4145 976 4206 Et.
992 4144 1034 4205 M.
1055 4164 1154 4221 paene
1170 4147 1267 4204 solum

120 4247 164 4306 ad
186 4253 321 4303 nostram
354 4262 416 4302 rem
438 4245 590 4320 pertinere
618 4252 726 4319 postea
747 4244 933 4322 videbimus,
968 4245 1027 4305 hac
1055 4265 1087 4305 re
1110 4266 1186 4323 opus
1214 4248 1267 4306 ali·

121 4354 239 4424 quanto
262 4344 413 4404 difficilius
435 4344 550 4402 sactum
573 4354 634 4413 est;
664 4344 721 4401 sed
742 4344 860 4403 collatis
881 4344 1037 4406 Gaissordi
1058 4349 1268 4425 Etymologico

123 4448 241 4524 Magno
264 4456 293 4506 et
317 4446 424 4505 Milleri
448 4447 584 4506 editione
607 4446 743 4522 quamvis
777 4448 862 4505 tenui
897 4455 927 4504 et
948 4449 1118 4525 indiligenti
1145 4451 1185 4508 de
1207 4454 1269 4510 veri

121 4547 328 4624 Etymologici
348 4547 453 4624 Magni
488 4548 590 4626 specie
623 4547 726 4623 aliquo
759 4549 853 4606 modo
887 4549 962 4608 satis
990 4551 1109 4610 videtur
1140 4551 1268 4611 iudicari
