<?xml version="1.0" encoding="UTF-8"?>
<!DOCTYPE html PUBLIC "-//W3C//DTD XHTML 1.0 Transitional//EN"
    "http://www.w3.org/TR/xhtml1/DTD/xhtml1-transitional.dtd">
<html xmlns="http://www.w3.org/1999/xhtml" xml:lang="en" lang="en">
 <head>
  <title>
</title>
<meta http-equiv="Content-Type" content="text/html;charset=utf-8" />
  <meta name='ocr-system' content='tesseract 3.04.00' />
  <meta name='ocr-capabilities' content='ocr_page ocr_carea ocr_par ocr_line ocrx_word'/>
</head>
<body>
  <div class='ocr_page' id='page_1' title='image "./descholiisinapo00bercgoog_0030.png"; bbox 0 0 2938 4922; ppageno 0'>
   <div class='ocr_carea' id='block_1_1' title="bbox 653 241 688 296">
    <p class='ocr_par' dir='ltr' id='par_1_1' title="bbox 653 241 688 296">
     <span class='ocr_line' id='line_1_1' title="bbox 653 241 688 296; baseline 0 0"><span class='ocrx_word' id='word_1_1' title='bbox 653 241 688 296; x_wconf 77' lang='lat'><strong>25</strong></span> 
     </span>
    </p>
   </div>
   <div class='ocr_carea' id='block_1_2' title="bbox 95 421 1245 4166">
    <p class='ocr_par' dir='ltr' id='par_1_2' title="bbox 99 421 1245 1005">
     <span class='ocr_line' id='line_1_2' title="bbox 100 421 1242 500; baseline 0.001 -20"><span class='ocrx_word' id='word_1_2' title='bbox 100 441 175 480; x_wconf 90' lang='lat' dir='ltr'><strong>num</strong></span> <span class='ocrx_word' id='word_1_3' title='bbox 196 422 239 480; x_wconf 90' lang='lat' dir='ltr'><strong>ita</strong></span> <span class='ocrx_word' id='word_1_4' title='bbox 259 430 294 480; x_wconf 92' lang='lat' dir='ltr'><strong>ut</strong></span> <span class='ocrx_word' id='word_1_5' title='bbox 316 421 438 482; x_wconf 77' lang='lat' dir='ltr'>exhibet</span> <span class='ocrx_word' id='word_1_6' title='bbox 461 423 567 497; x_wconf 85' lang='lat' dir='ltr'><strong>legerit</strong></span> <span class='ocrx_word' id='word_1_7' title='bbox 589 424 789 500; x_wconf 78' lang='lat' dir='ltr'><strong>etymologuS‚</strong></span> <span class='ocrx_word' id='word_1_8' title='bbox 813 422 1016 494; x_wconf 89' lang='lat' dir='ltr'><strong>dubitaveris;</strong></span> <span class='ocrx_word' id='word_1_9' title='bbox 1050 424 1106 480; x_wconf 90' lang='lat' dir='ltr'><strong>sed</strong></span> <span class='ocrx_word' id='word_1_10' title='bbox 1136 440 1242 481; x_wconf 87' lang='lat' dir='ltr'><strong>revera</strong></span> 
     </span>
     <span class='ocr_line' id='line_1_3' title="bbox 99 523 1243 584; baseline 0.001 -4"><span class='ocrx_word' id='word_1_11' title='bbox 99 523 190 582; x_wconf 91' lang='lat' dir='ltr'><strong>huius</strong></span> <span class='ocrx_word' id='word_1_12' title='bbox 212 523 384 582; x_wconf 89' lang='lat' dir='ltr'><strong>sententiae</strong></span> <span class='ocrx_word' id='word_1_13' title='bbox 406 523 640 582; x_wconf 85' lang='lat' dir='ltr'>adnotationem</span> <span class='ocrx_word' id='word_1_14' title='bbox 662 533 801 583; x_wconf 87' lang='lat' dir='ltr'><strong>secutam</strong></span> <span class='ocrx_word' id='word_1_15' title='bbox 823 541 891 582; x_wconf 89' lang='lat' dir='ltr'><strong>esse</strong></span> <span class='ocrx_word' id='word_1_16' title='bbox 912 525 943 583; x_wconf 88' lang='lat' dir='ltr'><strong>in</strong></span> <span class='ocrx_word' id='word_1_17' title='bbox 970 525 1035 584; x_wconf 90' lang='lat' dir='ltr'><strong>eius</strong></span> <span class='ocrx_word' id='word_1_18' title='bbox 1058 525 1165 583; x_wconf 90' lang='lat' dir='ltr'><strong>codice</strong></span> <span class='ocrx_word' id='word_1_19' title='bbox 1188 525 1243 581; x_wconf 91' lang='lat' dir='ltr'><strong>de-</strong></span> 
     </span>
     <span class='ocr_line' id='line_1_4' title="bbox 99 623 1245 702; baseline -0.002 -18"><span class='ocrx_word' id='word_1_20' title='bbox 99 632 286 684; x_wconf 88' lang='lat' dir='ltr'><strong>monstratur</strong></span> <span class='ocrx_word' id='word_1_21' title='bbox 309 643 357 699; x_wconf 87' lang='lat' dir='ltr'><strong>eo,</strong></span> <span class='ocrx_word' id='word_1_22' title='bbox 382 627 467 700; x_wconf 90' lang='lat' dir='ltr'><strong>quod</strong></span> <span class='ocrx_word' id='word_1_23' title='bbox 489 625 599 700; x_wconf 83' lang='lat' dir='ltr'><strong>legitur</strong></span> <span class='ocrx_word' id='word_1_24' title='bbox 620 627 703 701; x_wconf 89' lang='lat' dir='ltr'><strong>apud</strong></span> <span class='ocrx_word' id='word_1_25' title='bbox 723 626 795 686; x_wconf 85' lang='lat' dir='ltr'><strong>Mill.</strong></span> <span class='ocrx_word' id='word_1_26' title='bbox 820 643 849 702; x_wconf 90' lang='lat' dir='ltr'><strong>p.</strong></span> <span class='ocrx_word' id='word_1_27' title='bbox 873 628 932 686; x_wconf 88' lang='grc'><strong>199</strong></span> <span class='ocrx_word' id='word_1_28' title='bbox 955 646 981 686; x_wconf 87' lang='grc' dir='ltr'><strong>ν.</strong></span> <span class='ocrx_word' id='word_1_29' title='bbox 1007 623 1170 700; x_wconf 60' lang='lat' dir='ltr'><strong>tutabor,</strong></span> <span class='ocrx_word' id='word_1_30' title='bbox 1192 625 1245 683; x_wconf 91' lang='lat' dir='ltr'><strong>ubi</strong></span> 
     </span>
     <span class='ocr_line' id='line_1_5' title="bbox 99 723 1244 803; baseline 0.001 -18"><span class='ocrx_word' id='word_1_31' title='bbox 99 735 171 801; x_wconf 90' lang='lat' dir='ltr'><strong>post</strong></span> <span class='ocrx_word' id='word_1_32' title='bbox 193 725 300 784; x_wconf 87' lang='lat' dir='ltr'><strong>scholii</strong></span> <span class='ocrx_word' id='word_1_33' title='bbox 321 727 418 784; x_wconf 87' lang='lat' dir='ltr'><strong>nostri</strong></span> <span class='ocrx_word' id='word_1_34' title='bbox 441 735 558 802; x_wconf 90' lang='lat' dir='ltr'><strong>partem</strong></span> <span class='ocrx_word' id='word_1_35' title='bbox 580 728 763 802; x_wconf 85' lang='lat' dir='ltr'><strong>exscriptam</strong></span> <span class='ocrx_word' id='word_1_36' title='bbox 778 745 880 786; x_wconf 92' lang='lat' dir='ltr'><strong>rursus</strong></span> <span class='ocrx_word' id='word_1_37' title='bbox 900 728 1015 787; x_wconf 88' lang='lat' dir='ltr'><strong>habes:</strong></span> <span class='ocrx_word' id='word_1_38' title='bbox 1039 723 1244 803; x_wconf 83' lang='grc' dir='ltr'>Ἀμαραντῶν</span> 
     </span>
     <span class='ocr_line' id='line_1_6' title="bbox 100 821 1242 907; baseline 0.002 -19"><span class='ocrx_word' id='word_1_39' title='bbox 100 824 137 889; x_wconf 78' lang='grc' dir='ltr'><strong>δὲ</strong></span> <span class='ocrx_word' id='word_1_40' title='bbox 160 823 299 888; x_wconf 80' lang='grc' dir='ltr'>ἐνταῦθα</span> <span class='ocrx_word' id='word_1_41' title='bbox 321 823 394 903; x_wconf 89' lang='grc' dir='ltr'>περὶ</span> <span class='ocrx_word' id='word_1_42' title='bbox 415 822 617 902; x_wconf 82' lang='grc' dir='ltr'>τῶνὸρέων,</span> <span class='ocrx_word' id='word_1_43' title='bbox 647 824 730 902; x_wconf 90' lang='grc' dir='ltr'>πρὸς</span> <span class='ocrx_word' id='word_1_44' title='bbox 752 821 998 903; x_wconf 86' lang='grc' dir='ltr'>ἀντιδιαστολὴν</span> <span class='ocrx_word' id='word_1_45' title='bbox 1019 828 1078 891; x_wconf 81' lang='grc' dir='ltr'><strong>τοῦ</strong></span> <span class='ocrx_word' id='word_1_46' title='bbox 1100 824 1242 907; x_wconf 86' lang='grc' dir='ltr'>ἀμαράν-</span> 
     </span>
     <span class='ocr_line' id='line_1_7' title="bbox 100 922 362 1005; baseline -0.008 -15"><span class='ocrx_word' id='word_1_47' title='bbox 100 946 169 991; x_wconf 91' lang='grc' dir='ltr'><strong>των</strong></span> <span class='ocrx_word' id='word_1_48' title='bbox 192 922 362 1005; x_wconf 80' lang='grc' dir='ltr'>σωμάτων.</span> 
     </span>
    </p>

    <p class='ocr_par' dir='ltr' id='par_1_3' title="bbox 95 1031 1244 3338">
     <span class='ocr_line' id='line_1_8' title="bbox 202 1031 1243 1108; baseline 0.001 -18"><span class='ocrx_word' id='word_1_49' title='bbox 202 1031 279 1090; x_wconf 93' lang='lat' dir='ltr'><strong>Puto</strong></span> <span class='ocrx_word' id='word_1_50' title='bbox 304 1031 350 1089; x_wconf 90' lang='lat' dir='ltr'><strong>his</strong></span> <span class='ocrx_word' id='word_1_51' title='bbox 372 1031 466 1090; x_wconf 92' lang='lat' dir='ltr'><strong>tribus</strong></span> <span class='ocrx_word' id='word_1_52' title='bbox 490 1032 635 1108; x_wconf 82' lang='lat' dir='ltr'><strong>exemplis</strong></span> <span class='ocrx_word' id='word_1_53' title='bbox 658 1050 721 1090; x_wconf 89' lang='lat' dir='ltr'><strong>rem</strong></span> <span class='ocrx_word' id='word_1_54' title='bbox 754 1034 796 1090; x_wconf 87' lang='lat' dir='ltr'><strong>ad</strong></span> <span class='ocrx_word' id='word_1_55' title='bbox 828 1039 943 1090; x_wconf 91' lang='lat' dir='ltr'><strong>certum</strong></span> <span class='ocrx_word' id='word_1_56' title='bbox 966 1050 1033 1092; x_wconf 89' lang='lat' dir='ltr'><strong>esse</strong></span> <span class='ocrx_word' id='word_1_57' title='bbox 1064 1034 1243 1104; x_wconf 87' lang='lat' dir='ltr'>adductam,</span> 
     </span>
     <span class='ocr_line' id='line_1_9' title="bbox 99 1132 1243 1208; baseline 0.003 -19"><span class='ocrx_word' id='word_1_58' title='bbox 99 1132 309 1208; x_wconf 87' lang='lat' dir='ltr'><strong>etymologum</strong></span> <span class='ocrx_word' id='word_1_59' title='bbox 331 1149 395 1189; x_wconf 90' lang='lat' dir='ltr'><strong>non</strong></span> <span class='ocrx_word' id='word_1_60' title='bbox 416 1133 527 1191; x_wconf 90' lang='lat' dir='ltr'><strong>eadem</strong></span> <span class='ocrx_word' id='word_1_61' title='bbox 550 1150 640 1208; x_wconf 89' lang='lat' dir='ltr'><strong>quarn</strong></span> <span class='ocrx_word' id='word_1_62' title='bbox 669 1151 726 1192; x_wconf 89' lang='lat' dir='ltr'><strong>nos</strong></span> <span class='ocrx_word' id='word_1_63' title='bbox 751 1134 899 1191; x_wconf 90' lang='lat' dir='ltr'><strong>habemus</strong></span> <span class='ocrx_word' id='word_1_64' title='bbox 922 1133 1106 1192; x_wconf 86' lang='lat' dir='ltr'><strong>scholiorum</strong></span> <span class='ocrx_word' id='word_1_65' title='bbox 1136 1152 1243 1192; x_wconf 89' lang='lat' dir='ltr'><strong>recen·</strong></span> 
     </span>
     <span class='ocr_line' id='line_1_10' title="bbox 97 1234 1242 1311; baseline 0.002 -20"><span class='ocrx_word' id='word_1_66' title='bbox 97 1234 187 1292; x_wconf 89' lang='lat' dir='ltr'><strong>sione</strong></span> <span class='ocrx_word' id='word_1_67' title='bbox 208 1252 297 1292; x_wconf 91' lang='lat' dir='ltr'><strong>usum</strong></span> <span class='ocrx_word' id='word_1_68' title='bbox 319 1251 396 1310; x_wconf 83' lang='lat' dir='ltr'><strong>esse,</strong></span> <span class='ocrx_word' id='word_1_69' title='bbox 434 1235 489 1293; x_wconf 89' lang='lat' dir='ltr'><strong>sed</strong></span> <span class='ocrx_word' id='word_1_70' title='bbox 521 1235 580 1292; x_wconf 88' lang='lat' dir='ltr'><strong>alia</strong></span> <span class='ocrx_word' id='word_1_71' title='bbox 602 1236 744 1310; x_wconf 87' lang='lat' dir='ltr'><strong>quadam.</strong></span> <span class='ocrx_word' id='word_1_72' title='bbox 787 1234 899 1311; x_wconf 23' lang='lat' dir='ltr'><strong>Neque·</strong></span> <span class='ocrx_word' id='word_1_73' title='bbox 917 1235 976 1294; x_wconf 89' lang='lat' dir='ltr'><strong>hoc</strong></span> <span class='ocrx_word' id='word_1_74' title='bbox 997 1235 1113 1310; x_wconf 91' lang='lat' dir='ltr'><strong>mirum,</strong></span> <span class='ocrx_word' id='word_1_75' title='bbox 1142 1237 1167 1294; x_wconf 89' lang='lat' dir='ltr'><strong>si</strong></span> <span class='ocrx_word' id='word_1_76' title='bbox 1191 1253 1242 1293; x_wconf 91' lang='lat' dir='ltr'><strong>ce·</strong></span> 
     </span>
     <span class='ocr_line' id='line_1_11' title="bbox 101 1335 1242 1414; baseline 0.002 -23"><span class='ocrx_word' id='word_1_77' title='bbox 101 1342 234 1392; x_wconf 89' lang='lat' dir='ltr'><strong>terarum</strong></span> <span class='ocrx_word' id='word_1_78' title='bbox 258 1335 442 1394; x_wconf 84' lang='lat' dir='ltr'><strong>scholiorum</strong></span> <span class='ocrx_word' id='word_1_79' title='bbox 465 1336 679 1395; x_wconf 82' lang='lat' dir='ltr'><strong>collectionum</strong></span> <span class='ocrx_word' id='word_1_80' title='bbox 702 1336 875 1412; x_wconf 83' lang='lat' dir='ltr'><strong>exemplum</strong></span> <span class='ocrx_word' id='word_1_81' title='bbox 896 1353 1064 1413; x_wconf 85' lang='lat' dir='ltr'><strong>comparas,</strong></span> <span class='ocrx_word' id='word_1_82' title='bbox 1098 1354 1179 1414; x_wconf 91' lang='lat' dir='ltr'><strong>quae</strong></span> <span class='ocrx_word' id='word_1_83' title='bbox 1202 1354 1242 1394; x_wconf 91' lang='lat' dir='ltr'><strong>ne</strong></span> 
     </span>
     <span class='ocr_line' id='line_1_12' title="bbox 99 1436 1241 1514; baseline 0.004 -21"><span class='ocrx_word' id='word_1_84' title='bbox 99 1437 131 1493; x_wconf 92' lang='lat' dir='ltr'><strong>in</strong></span> <span class='ocrx_word' id='word_1_85' title='bbox 154 1436 276 1494; x_wconf 92' lang='lat' dir='ltr'><strong>duobus</strong></span> <span class='ocrx_word' id='word_1_86' title='bbox 299 1437 423 1513; x_wconf 90' lang='lat' dir='ltr'><strong>quidem</strong></span> <span class='ocrx_word' id='word_1_87' title='bbox 448 1439 585 1497; x_wconf 88' lang='lat' dir='ltr'><strong>eiusdem</strong></span> <span class='ocrx_word' id='word_1_88' title='bbox 607 1438 794 1497; x_wconf 88' lang='lat' dir='ltr'><strong>recensionis</strong></span> <span class='ocrx_word' id='word_1_89' title='bbox 817 1439 974 1497; x_wconf 89' lang='lat' dir='ltr'><strong>codicibus</strong></span> <span class='ocrx_word' id='word_1_90' title='bbox 996 1439 1086 1514; x_wconf 87' lang='lat' dir='ltr'><strong>plane</strong></span> <span class='ocrx_word' id='word_1_91' title='bbox 1109 1456 1241 1498; x_wconf 89' lang='lat' dir='ltr'><strong>consen·</strong></span> 
     </span>
     <span class='ocr_line' id='line_1_13' title="bbox 99 1520 1241 1614; baseline 0.004 -20"><span class='ocrx_word' id='word_1_92' title='bbox 99 1536 157 1594; x_wconf 90' lang='lat' dir='ltr'><strong>tire</strong></span> <span class='ocrx_word' id='word_1_93' title='bbox 178 1537 356 1614; x_wconf 90' lang='lat' dir='ltr'><strong>plerumque</strong></span> <span class='ocrx_word' id='word_1_94' title='bbox 376 1539 523 1598; x_wconf 86' lang='lat' dir='ltr'><strong>invenies.</strong></span> <span class='ocrx_word' id='word_1_95' title='bbox 569 1538 715 1598; x_wconf 90' lang='lat' dir='ltr'><strong>Nostrum</strong></span> <span class='ocrx_word' id='word_1_96' title='bbox 733 1520 817 1598; x_wconf 84' lang='lat' dir='ltr'><strong>nunc</strong></span> <span class='ocrx_word' id='word_1_97' title='bbox 839 1540 897 1598; x_wconf 89' lang='lat' dir='ltr'><strong>erit</strong></span> <span class='ocrx_word' id='word_1_98' title='bbox 919 1539 999 1599; x_wconf 88' lang='lat' dir='ltr'><strong>hanc</strong></span> <span class='ocrx_word' id='word_1_99' title='bbox 1019 1540 1241 1614; x_wconf 86' lang='lat' dir='ltr'><strong>recensionem,</strong></span> 
     </span>
     <span class='ocr_line' id='line_1_14' title="bbox 98 1639 1242 1719; baseline 0.007 -25"><span class='ocrx_word' id='word_1_100' title='bbox 98 1646 248 1714; x_wconf 90' lang='lat' dir='ltr'><strong>quantum</strong></span> <span class='ocrx_word' id='word_1_101' title='bbox 271 1639 334 1697; x_wconf 91' lang='lat' dir='ltr'><strong>fieri</strong></span> <span class='ocrx_word' id='word_1_102' title='bbox 368 1648 470 1716; x_wconf 89' lang='lat' dir='ltr'><strong>potest</strong></span> <span class='ocrx_word' id='word_1_103' title='bbox 493 1659 529 1698; x_wconf 89' lang='lat' dir='ltr'><strong>ex</strong></span> <span class='ocrx_word' id='word_1_104' title='bbox 554 1642 659 1716; x_wconf 90' lang='lat' dir='ltr'><strong>paucis</strong></span> <span class='ocrx_word' id='word_1_105' title='bbox 682 1642 730 1702; x_wconf 87' lang='lat' dir='ltr'><strong>Et.</strong></span> <span class='ocrx_word' id='word_1_106' title='bbox 753 1641 796 1702; x_wconf 88' lang='lat' dir='ltr'><strong>M.</strong></span> <span class='ocrx_word' id='word_1_107' title='bbox 820 1641 905 1718; x_wconf 89' lang='lat' dir='ltr'><strong>locis,</strong></span> <span class='ocrx_word' id='word_1_108' title='bbox 937 1641 1042 1719; x_wconf 92' lang='lat' dir='ltr'><strong>paullo</strong></span> <span class='ocrx_word' id='word_1_109' title='bbox 1076 1642 1242 1702; x_wconf 85' lang='lat' dir='ltr'><strong>accuratius</strong></span> 
     </span>
     <span class='ocr_line' id='line_1_15' title="bbox 99 1741 1244 1821; baseline 0.003 -23"><span class='ocrx_word' id='word_1_110' title='bbox 99 1741 280 1802; x_wconf 87' lang='lat' dir='ltr'><strong>describere.</strong></span> <span class='ocrx_word' id='word_1_111' title='bbox 325 1741 537 1819; x_wconf 82' lang='lat' dir='ltr'><strong>Paraphrasin‚</strong></span> <span class='ocrx_word' id='word_1_112' title='bbox 560 1761 639 1818; x_wconf 91' lang='lat' dir='ltr'><strong>quae</strong></span> <span class='ocrx_word' id='word_1_113' title='bbox 654 1742 685 1800; x_wconf 90' lang='lat' dir='ltr'><strong>in</strong></span> <span class='ocrx_word' id='word_1_114' title='bbox 700 1743 810 1802; x_wconf 89' lang='lat' dir='ltr'><strong>nostris</strong></span> <span class='ocrx_word' id='word_1_115' title='bbox 826 1743 947 1801; x_wconf 91' lang='lat' dir='ltr'><strong>scholiis</strong></span> <span class='ocrx_word' id='word_1_116' title='bbox 962 1761 1064 1820; x_wconf 90' lang='lat' dir='ltr'><strong>neque</strong></span> <span class='ocrx_word' id='word_1_117' title='bbox 1079 1752 1128 1801; x_wconf 90' lang='lat' dir='ltr'><strong>est</strong></span> <span class='ocrx_word' id='word_1_118' title='bbox 1142 1759 1244 1821; x_wconf 88' lang='lat' dir='ltr'><strong>neque</strong></span> 
     </span>
     <span class='ocr_line' id='line_1_16' title="bbox 99 1841 1243 1922; baseline 0.004 -23"><span class='ocrx_word' id='word_1_119' title='bbox 99 1841 167 1917; x_wconf 89' lang='lat' dir='ltr'><strong>fuit,</strong></span> <span class='ocrx_word' id='word_1_120' title='bbox 190 1841 262 1918; x_wconf 83' lang='lat' dir='ltr'><strong>legit</strong></span> <span class='ocrx_word' id='word_1_121' title='bbox 284 1844 475 1920; x_wconf 84' lang='lat' dir='ltr'><strong>etymologus</strong></span> <span class='ocrx_word' id='word_1_122' title='bbox 499 1847 540 1903; x_wconf 89' lang='lat' dir='ltr'><strong>ad</strong></span> <span class='ocrx_word' id='word_1_123' title='bbox 562 1864 588 1904; x_wconf 91' lang='grc' dir='ltr'><strong>ν.</strong></span> <span class='ocrx_word' id='word_1_124' title='bbox 611 1844 639 1902; x_wconf 93' lang='lat'><strong>11</strong></span> <span class='ocrx_word' id='word_1_125' title='bbox 662 1847 723 1906; x_wconf 84' lang='lat'><strong>734</strong></span> <span class='ocrx_word' id='word_1_126' title='bbox 736 1863 780 1922; x_wconf 90' lang='lat' dir='ltr'><strong>sq.</strong></span> <span class='ocrx_word' id='word_1_127' title='bbox 825 1845 904 1904; x_wconf 91' lang='lat' dir='ltr'><strong>Nam</strong></span> <span class='ocrx_word' id='word_1_128' title='bbox 918 1845 989 1904; x_wconf 89' lang='lat' dir='ltr'><strong>vide</strong></span> <span class='ocrx_word' id='word_1_129' title='bbox 1007 1846 1054 1905; x_wconf 86' lang='lat' dir='ltr'><strong>Et.</strong></span> <span class='ocrx_word' id='word_1_130' title='bbox 1065 1845 1107 1903; x_wconf 94' lang='lat' dir='ltr'><strong>M.</strong></span> <span class='ocrx_word' id='word_1_131' title='bbox 1123 1848 1193 1920; x_wconf 84' lang='lat'><strong>670,</strong></span> <span class='ocrx_word' id='word_1_132' title='bbox 1203 1849 1243 1906; x_wconf 84' lang='lat'><strong>39</strong></span> 
     </span>
     <span class='ocr_line' id='line_1_17' title="bbox 97 1939 1242 2022; baseline 0.008 -23"><span class='ocrx_word' id='word_1_133' title='bbox 97 1962 125 2004; x_wconf 92' lang='lat' dir='ltr'><strong>v.</strong></span> <span class='ocrx_word' id='word_1_134' title='bbox 149 1939 298 2020; x_wconf 88' lang='grc' dir='ltr'>πηλυγίς·</span> <span class='ocrx_word' id='word_1_135' title='bbox 322 1941 475 2022; x_wconf 83' lang='grc' dir='ltr'>,,πηλυγὶς</span> <span class='ocrx_word' id='word_1_136' title='bbox 498 1941 694 2021; x_wconf 85' lang='grc' dir='ltr'>ὀκρυόεντος</span> <span class='ocrx_word' id='word_1_137' title='bbox 715 1941 936 2009; x_wconf 82' lang='grc' dir='ltr'>ἀναπνείουσα</span> <span class='ocrx_word' id='word_1_138' title='bbox 959 1945 1072 2022; x_wconf 87' lang='grc' dir='ltr'>μυχοῖο</span> <span class='ocrx_word' id='word_1_139' title='bbox 1095 1943 1242 2022; x_wconf 88' lang='grc' dir='ltr'>συνεχές,</span> 
     </span>
     <span class='ocr_line' id='line_1_18' title="bbox 97 2040 1243 2125; baseline 0.001 -18"><span class='ocrx_word' id='word_1_140' title='bbox 97 2041 317 2123; x_wconf 86' lang='grc' dir='ltr'>ἀργινόεσσαν</span> <span class='ocrx_word' id='word_1_141' title='bbox 339 2040 388 2107; x_wconf 87' lang='grc' dir='ltr'><strong>ἀεὶ</strong></span> <span class='ocrx_word' id='word_1_142' title='bbox 409 2042 620 2124; x_wconf 88' lang='grc' dir='ltr'>περιτέτροφε</span> <span class='ocrx_word' id='word_1_143' title='bbox 643 2043 799 2125; x_wconf 54' lang='grc' dir='ltr'>πάχνηνίί.</span> <span class='ocrx_word' id='word_1_144' title='bbox 829 2045 849 2125; x_wconf 87' lang='grc' dir='ltr'>ἡ</span> <span class='ocrx_word' id='word_1_145' title='bbox 871 2045 907 2110; x_wconf 88' lang='grc' dir='ltr'><strong>ἐκ</strong></span> <span class='ocrx_word' id='word_1_146' title='bbox 922 2048 979 2109; x_wconf 81' lang='grc' dir='ltr'><strong>τοῦ</strong></span> <span class='ocrx_word' id='word_1_147' title='bbox 996 2044 1116 2124; x_wconf 86' lang='grc' dir='ltr'>κρύους</span> <span class='ocrx_word' id='word_1_148' title='bbox 1138 2048 1243 2122; x_wconf 80' lang='grc' dir='ltr'>πῆξις·</span> 
     </span>
     <span class='ocr_line' id='line_1_19' title="bbox 98 2143 1243 2225; baseline 0 -16"><span class='ocrx_word' id='word_1_149' title='bbox 98 2143 224 2222; x_wconf 84' lang='grc' dir='ltr'>εἴρηται</span> <span class='ocrx_word' id='word_1_150' title='bbox 244 2144 333 2222; x_wconf 86' lang='grc' dir='ltr'>παρὰ</span> <span class='ocrx_word' id='word_1_151' title='bbox 355 2143 393 2208; x_wconf 90' lang='grc' dir='ltr'><strong>τό</strong></span> <span class='ocrx_word' id='word_1_152' title='bbox 412 2144 531 2223; x_wconf 89' lang='grc' dir='ltr'>πήσσω</span> <span class='ocrx_word' id='word_1_153' title='bbox 553 2146 666 2225; x_wconf 90' lang='grc' dir='ltr'>πηλύς,</span> <span class='ocrx_word' id='word_1_154' title='bbox 685 2145 730 2223; x_wconf 84' lang='grc' dir='ltr'><strong>ὡς</strong></span> <span class='ocrx_word' id='word_1_155' title='bbox 753 2146 865 2225; x_wconf 88' lang='grc' dir='ltr'>πλήθω</span> <span class='ocrx_word' id='word_1_156' title='bbox 886 2146 1026 2225; x_wconf 90' lang='grc' dir='ltr'>πληθύς·</span> <span class='ocrx_word' id='word_1_157' title='bbox 1061 2145 1094 2212; x_wconf 81' lang='grc' dir='ltr'><strong>ἐξ</strong></span> <span class='ocrx_word' id='word_1_158' title='bbox 1122 2143 1161 2210; x_wconf 80' lang='grc' dir='ltr'><strong>οὗ</strong></span> <span class='ocrx_word' id='word_1_159' title='bbox 1183 2167 1243 2225; x_wconf 92' lang='grc' dir='ltr'><strong>πη-</strong></span> 
     </span>
     <span class='ocr_line' id='line_1_20' title="bbox 100 2235 1242 2327; baseline 0 -17"><span class='ocrx_word' id='word_1_160' title='bbox 100 2245 204 2325; x_wconf 90' lang='grc' dir='ltr'>λυγίς.</span> <span class='ocrx_word' id='word_1_161' title='bbox 228 2244 264 2309; x_wconf 80' lang='grc' dir='ltr'><strong>ἐκ</strong></span> <span class='ocrx_word' id='word_1_162' title='bbox 285 2245 346 2325; x_wconf 92' lang='grc' dir='ltr'><strong>γὰρ</strong></span> <span class='ocrx_word' id='word_1_163' title='bbox 367 2251 426 2325; x_wconf 82' lang='grc' dir='ltr'><strong>τῆς</strong></span> <span class='ocrx_word' id='word_1_164' title='bbox 448 2235 663 2326; x_wconf 84' lang='grc' dir='ltr'>Ἀχερουσίας</span> <span class='ocrx_word' id='word_1_165' title='bbox 687 2245 790 2327; x_wconf 84' lang='grc' dir='ltr'>ἄκρας</span> <span class='ocrx_word' id='word_1_166' title='bbox 812 2248 863 2312; x_wconf 85' lang='grc' dir='ltr'><strong>ἐπὶ</strong></span> <span class='ocrx_word' id='word_1_167' title='bbox 884 2248 944 2326; x_wconf 87' lang='grc' dir='ltr'><strong>τὴν</strong></span> <span class='ocrx_word' id='word_1_168' title='bbox 972 2251 1032 2326; x_wconf 90' lang='grc' dir='ltr'><strong>γῆν</strong></span> <span class='ocrx_word' id='word_1_169' title='bbox 1055 2247 1124 2312; x_wconf 82' lang='grc' dir='ltr'>ἐστι</span> <span class='ocrx_word' id='word_1_170' title='bbox 1150 2247 1242 2326; x_wconf 88' lang='grc' dir='ltr'>κοίλη</span> 
     </span>
     <span class='ocr_line' id='line_1_21' title="bbox 96 2346 1243 2435; baseline 0.001 -23"><span class='ocrx_word' id='word_1_171' title='bbox 96 2347 193 2425; x_wconf 89' lang='grc' dir='ltr'>νάπη,</span> <span class='ocrx_word' id='word_1_172' title='bbox 225 2346 300 2430; x_wconf 84' lang='grc' dir='ltr'><strong>ἐνῇ</strong></span> <span class='ocrx_word' id='word_1_173' title='bbox 324 2347 413 2412; x_wconf 81' lang='grc' dir='ltr'>ἐστιν</span> <span class='ocrx_word' id='word_1_174' title='bbox 435 2349 595 2427; x_wconf 88' lang='grc' dir='ltr'>σπήλαιον</span> <span class='ocrx_word' id='word_1_175' title='bbox 628 2353 685 2414; x_wconf 86' lang='grc' dir='ltr'><strong>τοῦ</strong></span> <span class='ocrx_word' id='word_1_176' title='bbox 707 2349 820 2414; x_wconf 80' lang='grc' dir='ltr'>Ἅιδου</span> <span class='ocrx_word' id='word_1_177' title='bbox 851 2349 910 2435; x_wconf 85' lang='grc' dir='ltr'><strong>ὕλῃ</strong></span> <span class='ocrx_word' id='word_1_178' title='bbox 934 2351 986 2414; x_wconf 88' lang='grc' dir='ltr'>καὶ</span> <span class='ocrx_word' id='word_1_179' title='bbox 1007 2349 1139 2428; x_wconf 88' lang='grc' dir='ltr'>πέτραις</span> <span class='ocrx_word' id='word_1_180' title='bbox 1162 2349 1243 2414; x_wconf 88' lang='grc' dir='ltr'>κατὰ</span> 
     </span>
     <span class='ocr_line' id='line_1_22' title="bbox 96 2448 1242 2529; baseline 0.001 -17"><span class='ocrx_word' id='word_1_181' title='bbox 96 2449 136 2513; x_wconf 88' lang='grc' dir='ltr'><strong>τὸ</strong></span> <span class='ocrx_word' id='word_1_182' title='bbox 160 2448 294 2527; x_wconf 88' lang='grc' dir='ltr'>στόμιον</span> <span class='ocrx_word' id='word_1_183' title='bbox 315 2449 583 2528; x_wconf 86' lang='grc' dir='ltr'>πεπυκνωμένον·</span> <span class='ocrx_word' id='word_1_184' title='bbox 614 2449 691 2514; x_wconf 88' lang='grc' dir='ltr'>ὅθεν</span> <span class='ocrx_word' id='word_1_185' title='bbox 713 2449 872 2516; x_wconf 86' lang='grc' dir='ltr'>ἀνάπνοια</span> <span class='ocrx_word' id='word_1_186' title='bbox 895 2449 1081 2529; x_wconf 87' lang='grc' dir='ltr'>ψυχροτάτη</span> <span class='ocrx_word' id='word_1_187' title='bbox 1105 2449 1242 2514; x_wconf 85' lang='grc' dir='ltr'>ἀνιοῦσα</span> 
     </span>
     <span class='ocr_line' id='line_1_23' title="bbox 96 2549 1242 2632; baseline -0.003 -18"><span class='ocrx_word' id='word_1_188' title='bbox 96 2551 258 2629; x_wconf 86' lang='grc' dir='ltr'>πήγνυσιν</span> <span class='ocrx_word' id='word_1_189' title='bbox 279 2550 345 2615; x_wconf 83' lang='grc' dir='ltr'>ἐκεῖ</span> <span class='ocrx_word' id='word_1_190' title='bbox 366 2551 404 2615; x_wconf 85' lang='grc' dir='ltr'><strong>τὸ</strong></span> <span class='ocrx_word' id='word_1_191' title='bbox 426 2549 522 2630; x_wconf 79' lang='grc' dir='ltr'>ὕδωρ,</span> <span class='ocrx_word' id='word_1_192' title='bbox 558 2550 610 2615; x_wconf 89' lang='grc' dir='ltr'>καὶ</span> <span class='ocrx_word' id='word_1_193' title='bbox 632 2551 752 2627; x_wconf 92' lang='grc' dir='ltr'>γίνεται</span> <span class='ocrx_word' id='word_1_194' title='bbox 777 2551 890 2631; x_wconf 84' lang='grc' dir='ltr'>πάχνη.</span> <span class='ocrx_word' id='word_1_195' title='bbox 933 2555 1154 2630; x_wconf 85' lang='lat' dir='ltr'><strong>Interpretatur</strong></span> <span class='ocrx_word' id='word_1_196' title='bbox 1176 2562 1242 2632; x_wconf 86' lang='lat' dir='ltr'><strong>ety-</strong></span> 
     </span>
     <span class='ocr_line' id='line_1_24' title="bbox 96 2655 1243 2732; baseline -0.001 -18"><span class='ocrx_word' id='word_1_197' title='bbox 96 2655 240 2730; x_wconf 86' lang='lat' dir='ltr'><strong>mologus</strong></span> <span class='ocrx_word' id='word_1_198' title='bbox 263 2673 365 2713; x_wconf 89' lang='lat' dir='ltr'><strong>versus</strong></span> <span class='ocrx_word' id='word_1_199' title='bbox 388 2672 451 2714; x_wconf 91' lang='lat' dir='ltr'><strong>non</strong></span> <span class='ocrx_word' id='word_1_200' title='bbox 472 2657 567 2714; x_wconf 89' lang='lat' dir='ltr'><strong>modo</strong></span> <span class='ocrx_word' id='word_1_201' title='bbox 593 2674 670 2732; x_wconf 92' lang='lat' dir='ltr'><strong>quos</strong></span> <span class='ocrx_word' id='word_1_202' title='bbox 692 2657 780 2715; x_wconf 85' lang='lat' dir='ltr'><strong>affert</strong></span> <span class='ocrx_word' id='word_1_203' title='bbox 800 2657 902 2718; x_wconf 84' lang='grc'><strong>11737</strong></span> <span class='ocrx_word' id='word_1_204' title='bbox 919 2657 1034 2726; x_wconf 80' lang='grc' dir='ltr'><strong>εῑ738,</strong></span> <span class='ocrx_word' id='word_1_205' title='bbox 1057 2658 1114 2715; x_wconf 90' lang='lat' dir='ltr'><strong>sed</strong></span> <span class='ocrx_word' id='word_1_206' title='bbox 1136 2673 1243 2714; x_wconf 89' lang='lat' dir='ltr'><strong>omnes</strong></span> 
     </span>
     <span class='ocr_line' id='line_1_25' title="bbox 97 2753 1243 2834; baseline 0.003 -20"><span class='ocrx_word' id='word_1_207' title='bbox 97 2777 115 2814; x_wconf 87' lang='lat' dir='ltr'>a</span> <span class='ocrx_word' id='word_1_208' title='bbox 138 2776 164 2817; x_wconf 93' lang='lat' dir='ltr'><strong>v.</strong></span> <span class='ocrx_word' id='word_1_209' title='bbox 189 2759 250 2817; x_wconf 89' lang='grc'><strong>734</strong></span> <span class='ocrx_word' id='word_1_210' title='bbox 271 2758 312 2815; x_wconf 86' lang='lat' dir='ltr'><strong>ad</strong></span> <span class='ocrx_word' id='word_1_211' title='bbox 335 2758 404 2817; x_wconf 79' lang='grc'><strong>738.</strong></span> <span class='ocrx_word' id='word_1_212' title='bbox 449 2756 526 2816; x_wconf 87' lang='lat' dir='ltr'><strong>Mira</strong></span> <span class='ocrx_word' id='word_1_213' title='bbox 548 2766 594 2816; x_wconf 90' lang='lat' dir='ltr'><strong>est</strong></span> <span class='ocrx_word' id='word_1_214' title='bbox 616 2758 699 2816; x_wconf 91' lang='lat' dir='ltr'><strong>vocis</strong></span> <span class='ocrx_word' id='word_1_215' title='bbox 725 2755 861 2834; x_wconf 77' lang='grc' dir='ltr'>πηγυλίς</span> <span class='ocrx_word' id='word_1_216' title='bbox 890 2759 1018 2818; x_wconf 87' lang='lat' dir='ltr'><strong>mutatio</strong></span> <span class='ocrx_word' id='word_1_217' title='bbox 1040 2759 1071 2816; x_wconf 88' lang='lat' dir='ltr'><strong>in</strong></span> <span class='ocrx_word' id='word_1_218' title='bbox 1092 2753 1243 2833; x_wconf 88' lang='grc' dir='ltr'>πηλυγίς;</span> 
     </span>
     <span class='ocr_line' id='line_1_26' title="bbox 97 2857 1242 2938; baseline 0.004 -23"><span class='ocrx_word' id='word_1_219' title='bbox 97 2858 265 2917; x_wconf 87' lang='lat' dir='ltr'><strong>affirmatur</strong></span> <span class='ocrx_word' id='word_1_220' title='bbox 287 2860 364 2920; x_wconf 91' lang='lat' dir='ltr'><strong>haec</strong></span> <span class='ocrx_word' id='word_1_221' title='bbox 385 2861 476 2918; x_wconf 91' lang='lat' dir='ltr'><strong>lectio</strong></span> <span class='ocrx_word' id='word_1_222' title='bbox 499 2861 530 2918; x_wconf 93' lang='lat' dir='ltr'><strong>in</strong></span> <span class='ocrx_word' id='word_1_223' title='bbox 552 2861 600 2922; x_wconf 86' lang='lat' dir='ltr'><strong>Et.</strong></span> <span class='ocrx_word' id='word_1_224' title='bbox 622 2860 664 2921; x_wconf 88' lang='lat' dir='ltr'><strong>M.</strong></span> <span class='ocrx_word' id='word_1_225' title='bbox 687 2862 855 2921; x_wconf 89' lang='lat' dir='ltr'><strong>litterarum</strong></span> <span class='ocrx_word' id='word_1_226' title='bbox 877 2857 984 2920; x_wconf 84' lang='lat' dir='ltr'><strong>ordine</strong></span> <span class='ocrx_word' id='word_1_227' title='bbox 1006 2863 1178 2938; x_wconf 89' lang='lat' dir='ltr'><strong>eademque</strong></span> <span class='ocrx_word' id='word_1_228' title='bbox 1194 2871 1242 2920; x_wconf 90' lang='lat' dir='ltr'><strong>est</strong></span> 
     </span>
     <span class='ocr_line' id='line_1_27' title="bbox 97 2958 1243 3040; baseline 0.003 -22"><span class='ocrx_word' id='word_1_229' title='bbox 97 2961 184 3035; x_wconf 89' lang='lat' dir='ltr'><strong>apud</strong></span> <span class='ocrx_word' id='word_1_230' title='bbox 205 2958 370 3030; x_wconf 86' lang='lat' dir='ltr'><strong>Millerum;</strong></span> <span class='ocrx_word' id='word_1_231' title='bbox 404 2971 456 3020; x_wconf 88' lang='lat' dir='ltr'><strong>aut</strong></span> <span class='ocrx_word' id='word_1_232' title='bbox 490 2963 683 3038; x_wconf 83' lang='lat' dir='ltr'><strong>neglegentia</strong></span> <span class='ocrx_word' id='word_1_233' title='bbox 705 2964 814 3022; x_wconf 87' lang='lat' dir='ltr'><strong>erravit</strong></span> <span class='ocrx_word' id='word_1_234' title='bbox 837 2964 1029 3040; x_wconf 83' lang='lat' dir='ltr'><strong>etymologus</strong></span> <span class='ocrx_word' id='word_1_235' title='bbox 1062 2971 1115 3021; x_wconf 89' lang='lat' dir='ltr'><strong>aut</strong></span> <span class='ocrx_word' id='word_1_236' title='bbox 1137 2981 1243 3022; x_wconf 90' lang='lat' dir='ltr'><strong>revera</strong></span> 
     </span>
     <span class='ocr_line' id='line_1_28' title="bbox 99 3061 1242 3140; baseline 0.003 -22"><span class='ocrx_word' id='word_1_237' title='bbox 99 3061 143 3118; x_wconf 92' lang='lat' dir='ltr'><strong>sic</strong></span> <span class='ocrx_word' id='word_1_238' title='bbox 164 3061 196 3118; x_wconf 89' lang='lat' dir='ltr'><strong>in</strong></span> <span class='ocrx_word' id='word_1_239' title='bbox 219 3062 328 3119; x_wconf 91' lang='lat' dir='ltr'><strong>codice</strong></span> <span class='ocrx_word' id='word_1_240' title='bbox 351 3079 407 3120; x_wconf 91' lang='lat' dir='ltr'><strong>suo</strong></span> <span class='ocrx_word' id='word_1_241' title='bbox 429 3064 511 3140; x_wconf 85' lang='lat' dir='ltr'><strong>legit,</strong></span> <span class='ocrx_word' id='word_1_242' title='bbox 535 3081 720 3140; x_wconf 90' lang='lat' dir='ltr'><strong>quamquam</strong></span> <span class='ocrx_word' id='word_1_243' title='bbox 734 3065 765 3122; x_wconf 92' lang='lat' dir='ltr'><strong>in</strong></span> <span class='ocrx_word' id='word_1_244' title='bbox 780 3065 890 3123; x_wconf 90' lang='lat' dir='ltr'><strong>nostris</strong></span> <span class='ocrx_word' id='word_1_245' title='bbox 906 3065 1062 3123; x_wconf 89' lang='lat' dir='ltr'><strong>codicibus</strong></span> <span class='ocrx_word' id='word_1_246' title='bbox 1077 3064 1149 3122; x_wconf 92' lang='lat' dir='ltr'><strong>nihil</strong></span> <span class='ocrx_word' id='word_1_247' title='bbox 1163 3065 1242 3122; x_wconf 92' lang='lat' dir='ltr'><strong>eius-</strong></span> 
     </span>
     <span class='ocr_line' id='line_1_29' title="bbox 95 3159 1242 3244; baseline 0.004 -24"><span class='ocrx_word' id='word_1_248' title='bbox 95 3162 184 3222; x_wconf 92' lang='lat' dir='ltr'><strong>modi</strong></span> <span class='ocrx_word' id='word_1_249' title='bbox 212 3164 363 3221; x_wconf 86' lang='lat' dir='ltr'><strong>invenitur</strong></span> <span class='ocrx_word' id='word_1_250' title='bbox 371 3159 392 3223; x_wconf 77' lang='lat'><strong>¹.</strong></span> <span class='ocrx_word' id='word_1_251' title='bbox 450 3164 659 3241; x_wconf 88' lang='lat' dir='ltr'><strong>Veriloquium</strong></span> <span class='ocrx_word' id='word_1_252' title='bbox 693 3166 757 3223; x_wconf 92' lang='lat' dir='ltr'><strong>sine</strong></span> <span class='ocrx_word' id='word_1_253' title='bbox 792 3165 888 3223; x_wconf 93' lang='lat' dir='ltr'><strong>dubio</strong></span> <span class='ocrx_word' id='word_1_254' title='bbox 918 3166 983 3242; x_wconf 89' lang='lat' dir='ltr'><strong>ipse</strong></span> <span class='ocrx_word' id='word_1_255' title='bbox 1016 3166 1089 3224; x_wconf 91' lang='lat' dir='ltr'><strong>fecit</strong></span> <span class='ocrx_word' id='word_1_256' title='bbox 1124 3174 1242 3244; x_wconf 89' lang='lat' dir='ltr'><strong>etymo·</strong></span> 
     </span>
     <span class='ocr_line' id='line_1_30' title="bbox 95 3265 193 3338; baseline 0.02 -18"><span class='ocrx_word' id='word_1_257' title='bbox 95 3265 193 3338; x_wconf 79' lang='lat' dir='ltr'><strong>logus</strong></span> 
     </span>
    </p>

    <p class='ocr_par' dir='ltr' id='par_1_4' title="bbox 96 3364 1243 4166">
     <span class='ocr_line' id='line_1_31' title="bbox 199 3364 1243 3446; baseline 0.006 -24"><span class='ocrx_word' id='word_1_258' title='bbox 199 3364 351 3423; x_wconf 86' lang='lat' dir='ltr'><strong>Nonnulla</strong></span> <span class='ocrx_word' id='word_1_259' title='bbox 373 3384 452 3442; x_wconf 90' lang='lat' dir='ltr'><strong>quae</strong></span> <span class='ocrx_word' id='word_1_260' title='bbox 475 3368 507 3425; x_wconf 90' lang='lat' dir='ltr'><strong>in</strong></span> <span class='ocrx_word' id='word_1_261' title='bbox 526 3368 638 3425; x_wconf 91' lang='lat' dir='ltr'><strong>nostris</strong></span> <span class='ocrx_word' id='word_1_262' title='bbox 660 3367 782 3426; x_wconf 91' lang='lat' dir='ltr'><strong>scholiis</strong></span> <span class='ocrx_word' id='word_1_263' title='bbox 805 3369 835 3425; x_wconf 92' lang='lat' dir='ltr'><strong>in</strong></span> <span class='ocrx_word' id='word_1_264' title='bbox 864 3369 942 3426; x_wconf 88' lang='lat' dir='ltr'><strong>duas</strong></span> <span class='ocrx_word' id='word_1_265' title='bbox 964 3378 1068 3444; x_wconf 89' lang='lat' dir='ltr'><strong>partes</strong></span> <span class='ocrx_word' id='word_1_266' title='bbox 1090 3369 1243 3446; x_wconf 88' lang='lat' dir='ltr'><strong>discerpta</strong></span> 
     </span>
     <span class='ocr_line' id='line_1_32' title="bbox 97 3465 1240 3545; baseline 0.003 -22"><span class='ocrx_word' id='word_1_267' title='bbox 97 3475 178 3536; x_wconf 83' lang='lat' dir='ltr'><strong>sunt,</strong></span> <span class='ocrx_word' id='word_1_268' title='bbox 201 3465 342 3524; x_wconf 89' lang='lat' dir='ltr'><strong>videntur</strong></span> <span class='ocrx_word' id='word_1_269' title='bbox 362 3467 394 3524; x_wconf 90' lang='lat' dir='ltr'><strong>in</strong></span> <span class='ocrx_word' id='word_1_270' title='bbox 415 3467 580 3544; x_wconf 86' lang='lat' dir='ltr'><strong>etymologi</strong></span> <span class='ocrx_word' id='word_1_271' title='bbox 602 3469 711 3527; x_wconf 88' lang='lat' dir='ltr'><strong>codice</strong></span> <span class='ocrx_word' id='word_1_272' title='bbox 726 3470 889 3527; x_wconf 90' lang='lat' dir='ltr'><strong>coniuncta</strong></span> <span class='ocrx_word' id='word_1_273' title='bbox 911 3470 1014 3529; x_wconf 86' lang='lat' dir='ltr'><strong>fuisse.</strong></span> <span class='ocrx_word' id='word_1_274' title='bbox 1059 3468 1137 3527; x_wconf 88' lang='lat' dir='ltr'><strong>Nam</strong></span> <span class='ocrx_word' id='word_1_275' title='bbox 1161 3488 1240 3545; x_wconf 91' lang='lat' dir='ltr'><strong>quae</strong></span> 
     </span>
     <span class='ocr_line' id='line_1_33' title="bbox 96 3568 1241 3648; baseline 0.003 -22"><span class='ocrx_word' id='word_1_276' title='bbox 96 3571 128 3626; x_wconf 91' lang='lat' dir='ltr'><strong>in</strong></span> <span class='ocrx_word' id='word_1_277' title='bbox 154 3568 249 3627; x_wconf 91' lang='lat' dir='ltr'><strong>schol.</strong></span> <span class='ocrx_word' id='word_1_278' title='bbox 271 3571 330 3646; x_wconf 87' lang='lat' dir='ltr'><strong>Ap.</strong></span> <span class='ocrx_word' id='word_1_279' title='bbox 354 3569 430 3626; x_wconf 90' lang='lat' dir='ltr'><strong>adl</strong></span> <span class='ocrx_word' id='word_1_280' title='bbox 454 3572 536 3631; x_wconf 89' lang='grc'><strong>1075</strong></span> <span class='ocrx_word' id='word_1_281' title='bbox 560 3570 624 3627; x_wconf 90' lang='lat' dir='ltr'><strong>etl</strong></span> <span class='ocrx_word' id='word_1_282' title='bbox 648 3573 727 3630; x_wconf 90' lang='grc'><strong>1077</strong></span> <span class='ocrx_word' id='word_1_283' title='bbox 751 3572 889 3630; x_wconf 90' lang='lat' dir='ltr'><strong>seiuncta</strong></span> <span class='ocrx_word' id='word_1_284' title='bbox 910 3580 988 3648; x_wconf 83' lang='lat' dir='ltr'><strong>sunt,</strong></span> <span class='ocrx_word' id='word_1_285' title='bbox 1022 3571 1100 3630; x_wconf 89' lang='lat' dir='ltr'><strong>haec</strong></span> <span class='ocrx_word' id='word_1_286' title='bbox 1132 3573 1163 3630; x_wconf 92' lang='lat' dir='ltr'><strong>in</strong></span> <span class='ocrx_word' id='word_1_287' title='bbox 1191 3573 1241 3630; x_wconf 89' lang='lat' dir='ltr'><strong>Et.</strong></span> 
     </span>
     <span class='ocr_line' id='line_1_34' title="bbox 98 3667 1242 3750; baseline 0.002 -22"><span class='ocrx_word' id='word_1_288' title='bbox 98 3671 140 3733; x_wconf 92' lang='lat' dir='ltr'><strong>M.</strong></span> <span class='ocrx_word' id='word_1_289' title='bbox 158 3671 228 3740; x_wconf 84' lang='lat'><strong>659,</strong></span> <span class='ocrx_word' id='word_1_290' title='bbox 247 3671 284 3730; x_wconf 90' lang='grc'><strong>15</strong></span> <span class='ocrx_word' id='word_1_291' title='bbox 309 3689 336 3729; x_wconf 88' lang='grc' dir='ltr'><strong>ν.</strong></span> <span class='ocrx_word' id='word_1_292' title='bbox 351 3667 486 3732; x_wconf 89' lang='grc' dir='ltr'>πέλανοι</span> <span class='ocrx_word' id='word_1_293' title='bbox 507 3672 665 3747; x_wconf 90' lang='lat' dir='ltr'><strong>paululum</strong></span> <span class='ocrx_word' id='word_1_294' title='bbox 687 3680 806 3731; x_wconf 84' lang='lat' dir='ltr'><strong>mutata</strong></span> <span class='ocrx_word' id='word_1_295' title='bbox 826 3691 944 3732; x_wconf 86' lang='lat' dir='ltr'><strong>conexa</strong></span> <span class='ocrx_word' id='word_1_296' title='bbox 969 3674 1116 3750; x_wconf 75' lang='lat' dir='ltr'><strong>invenieS,</strong></span> <span class='ocrx_word' id='word_1_297' title='bbox 1139 3674 1242 3732; x_wconf 90' lang='lat' dir='ltr'><strong>adiec-</strong></span> 
     </span>
     <span class='ocr_line' id='line_1_35' title="bbox 98 3771 1241 3852; baseline 0.002 -22"><span class='ocrx_word' id='word_1_298' title='bbox 98 3773 135 3831; x_wconf 90' lang='lat' dir='ltr'><strong>tis</strong></span> <span class='ocrx_word' id='word_1_299' title='bbox 157 3771 332 3848; x_wconf 89' lang='lat' dir='ltr'><strong>veriloquiis</strong></span> <span class='ocrx_word' id='word_1_300' title='bbox 365 3772 442 3830; x_wconf 91' lang='lat' dir='ltr'><strong>illius</strong></span> <span class='ocrx_word' id='word_1_301' title='bbox 471 3773 565 3848; x_wconf 76' lang='lat' dir='ltr'><strong>vociS,</strong></span> <span class='ocrx_word' id='word_1_302' title='bbox 602 3791 682 3849; x_wconf 91' lang='lat' dir='ltr'><strong>quae</strong></span> <span class='ocrx_word' id='word_1_303' title='bbox 710 3777 752 3833; x_wconf 91' lang='lat' dir='ltr'><strong>ad</strong></span> <span class='ocrx_word' id='word_1_304' title='bbox 783 3775 908 3834; x_wconf 88' lang='lat' dir='ltr'><strong>verbum</strong></span> <span class='ocrx_word' id='word_1_305' title='bbox 941 3784 1062 3852; x_wconf 90' lang='lat' dir='ltr'><strong>sumpta</strong></span> <span class='ocrx_word' id='word_1_306' title='bbox 1095 3784 1167 3833; x_wconf 89' lang='lat' dir='ltr'><strong>sunt</strong></span> <span class='ocrx_word' id='word_1_307' title='bbox 1203 3793 1241 3832; x_wconf 85' lang='lat' dir='ltr'><strong>ex</strong></span> 
     </span>
     <span class='ocr_line' id='line_1_36' title="bbox 97 3873 1241 3953; baseline 0.002 -22"><span class='ocrx_word' id='word_1_308' title='bbox 97 3874 214 3932; x_wconf 90' lang='lat' dir='ltr'><strong>scholio</strong></span> <span class='ocrx_word' id='word_1_309' title='bbox 236 3873 268 3932; x_wconf 93' lang='lat' dir='ltr'><strong>in</strong></span> <span class='ocrx_word' id='word_1_310' title='bbox 289 3874 388 3950; x_wconf 92' lang='lat' dir='ltr'><strong>ipsum</strong></span> <span class='ocrx_word' id='word_1_311' title='bbox 409 3874 492 3932; x_wconf 90' lang='lat' dir='ltr'><strong>illum</strong></span> <span class='ocrx_word' id='word_1_312' title='bbox 514 3875 586 3936; x_wconf 89' lang='lat' dir='ltr'><strong>Eur.</strong></span> <span class='ocrx_word' id='word_1_313' title='bbox 609 3874 661 3935; x_wconf 91' lang='lat' dir='ltr'><strong>Or.</strong></span> <span class='ocrx_word' id='word_1_314' title='bbox 685 3873 773 3952; x_wconf 89' lang='grc'>(220)</span> <span class='ocrx_word' id='word_1_315' title='bbox 794 3878 903 3953; x_wconf 85' lang='lat' dir='ltr'><strong>locum,</strong></span> <span class='ocrx_word' id='word_1_316' title='bbox 935 3877 987 3952; x_wconf 93' lang='lat' dir='ltr'><strong>qui</strong></span> <span class='ocrx_word' id='word_1_317' title='bbox 1011 3885 1041 3934; x_wconf 91' lang='lat' dir='ltr'><strong>et</strong></span> <span class='ocrx_word' id='word_1_318' title='bbox 1062 3877 1094 3934; x_wconf 87' lang='lat' dir='ltr'><strong>iu</strong></span> <span class='ocrx_word' id='word_1_319' title='bbox 1125 3876 1241 3940; x_wconf 90' lang='lat' dir='ltr'><strong>scholio</strong></span> 
     </span>
     <span class='ocr_line' id='line_1_37' title="bbox 97 3974 1240 4056; baseline 0.002 -24"><span class='ocrx_word' id='word_1_320' title='bbox 97 3985 128 4034; x_wconf 89' lang='lat' dir='ltr'><strong>et</strong></span> <span class='ocrx_word' id='word_1_321' title='bbox 149 3975 181 4034; x_wconf 92' lang='lat' dir='ltr'><strong>in</strong></span> <span class='ocrx_word' id='word_1_322' title='bbox 203 3974 249 4036; x_wconf 91' lang='lat' dir='ltr'><strong>Et.</strong></span> <span class='ocrx_word' id='word_1_323' title='bbox 272 3975 314 4036; x_wconf 89' lang='lat' dir='ltr'><strong>M.</strong></span> <span class='ocrx_word' id='word_1_324' title='bbox 339 3976 469 4037; x_wconf 85' lang='lat' dir='ltr'><strong>affertur.</strong></span> <span class='ocrx_word' id='word_1_325' title='bbox 514 3975 630 4035; x_wconf 87' lang='lat' dir='ltr'><strong>Pariter</strong></span> <span class='ocrx_word' id='word_1_326' title='bbox 650 3996 715 4036; x_wconf 89' lang='lat' dir='ltr'><strong>rem</strong></span> <span class='ocrx_word' id='word_1_327' title='bbox 749 3996 782 4036; x_wconf 91' lang='lat' dir='ltr'><strong>se</strong></span> <span class='ocrx_word' id='word_1_328' title='bbox 805 3977 918 4036; x_wconf 91' lang='lat' dir='ltr'><strong>habere</strong></span> <span class='ocrx_word' id='word_1_329' title='bbox 941 3979 1068 4056; x_wconf 61' lang='lat' dir='ltr'><strong>videbis</strong></span> <span class='ocrx_word' id='word_1_330' title='bbox 1105 3997 1175 4036; x_wconf 93' lang='lat' dir='ltr'><strong>cum</strong></span> <span class='ocrx_word' id='word_1_331' title='bbox 1195 3977 1240 4035; x_wconf 91' lang='lat' dir='ltr'><strong>in·</strong></span> 
     </span>
     <span class='ocr_line' id='line_1_38' title="bbox 97 4068 1242 4166; baseline 0.003 -31"><span class='ocrx_word' id='word_1_332' title='bbox 97 4077 208 4153; x_wconf 86' lang='lat' dir='ltr'><strong>spicies</strong></span> <span class='ocrx_word' id='word_1_333' title='bbox 229 4075 300 4136; x_wconf 92' lang='lat' dir='ltr'><strong>Mill.</strong></span> <span class='ocrx_word' id='word_1_334' title='bbox 322 4095 351 4152; x_wconf 93' lang='lat' dir='ltr'><strong>p.</strong></span> <span class='ocrx_word' id='word_1_335' title='bbox 373 4079 430 4136; x_wconf 84' lang='lat'><strong>261</strong></span> <span class='ocrx_word' id='word_1_336' title='bbox 456 4095 483 4136; x_wconf 93' lang='lat' dir='ltr'><strong>v.</strong></span> <span class='ocrx_word' id='word_1_337' title='bbox 504 4071 631 4154; x_wconf 87' lang='grc' dir='ltr'>Ῥήβας,</span> <span class='ocrx_word' id='word_1_338' title='bbox 654 4079 705 4137; x_wconf 91' lang='lat' dir='ltr'><strong>ubi</strong></span> <span class='ocrx_word' id='word_1_339' title='bbox 728 4080 786 4140; x_wconf 87' lang='lat' dir='ltr'><strong>sic:</strong></span> <span class='ocrx_word' id='word_1_340' title='bbox 811 4068 955 4166; x_wconf 53' lang='grc' dir='ltr'>,[Ρήβαν</span> <span class='ocrx_word' id='word_1_341' title='bbox 977 4075 1127 4156; x_wconf 83' lang='grc' dir='ltr'>ὠκυρόην</span> <span class='ocrx_word' id='word_1_342' title='bbox 1141 4094 1242 4138; x_wconf 90' lang='grc' dir='ltr'>ποτα-</span> 
     </span>
    </p>
   </div>
   <div class='ocr_carea' id='block_1_3' title="bbox 96 4225 295 4236">
    <p class='ocr_par' dir='ltr' id='par_1_5' title="bbox 96 4225 295 4236">
     <span class='ocr_line' id='line_1_39' title="bbox 96 4225 295 4236; baseline 0.01 -3"><span class='ocrx_word' id='word_1_343' title='bbox 96 4225 295 4236; x_wconf 69' lang='grc'>----.-</span> 
     </span>
    </p>
   </div>
   <div class='ocr_carea' id='block_1_4' title="bbox 95 4315 1242 4564">
    <p class='ocr_par' dir='ltr' id='par_1_6' title="bbox 95 4315 1242 4564">
     <span class='ocr_line' id='line_1_40' title="bbox 195 4315 1242 4385; baseline 0.002 -14"><span class='ocrx_word' id='word_1_344' title='bbox 195 4315 207 4353; x_wconf 86' lang='lat'><strong>¹</strong></span> <span class='ocrx_word' id='word_1_345' title='bbox 226 4321 305 4385; x_wconf 81' lang='lat' dir='ltr'><strong>Quod</strong></span> <span class='ocrx_word' id='word_1_346' title='bbox 323 4321 351 4372; x_wconf 91' lang='lat' dir='ltr'><strong>in</strong></span> <span class='ocrx_word' id='word_1_347' title='bbox 370 4322 428 4373; x_wconf 84' lang='lat' dir='ltr'><strong>cod.</strong></span> <span class='ocrx_word' id='word_1_348' title='bbox 448 4320 597 4382; x_wconf 71' lang='lat' dir='ltr'><strong>Guelferb„</strong></span> <span class='ocrx_word' id='word_1_349' title='bbox 616 4321 689 4371; x_wconf 89' lang='lat' dir='ltr'><strong>cuius</strong></span> <span class='ocrx_word' id='word_1_350' title='bbox 708 4320 836 4374; x_wconf 88' lang='lat' dir='ltr'><strong>lectiones</strong></span> <span class='ocrx_word' id='word_1_351' title='bbox 848 4323 995 4374; x_wconf 83' lang='lat' dir='ltr'><strong>Merkelius</strong></span> <span class='ocrx_word' id='word_1_352' title='bbox 1014 4324 1041 4373; x_wconf 90' lang='lat' dir='ltr'><strong>in</strong></span> <span class='ocrx_word' id='word_1_353' title='bbox 1061 4321 1178 4375; x_wconf 87' lang='lat' dir='ltr'><strong>editione</strong></span> <span class='ocrx_word' id='word_1_354' title='bbox 1196 4339 1242 4373; x_wconf 90' lang='lat' dir='ltr'><strong>sua</strong></span> 
     </span>
     <span class='ocr_line' id='line_1_41' title="bbox 95 4406 1241 4477; baseline 0.002 -19"><span class='ocrx_word' id='word_1_355' title='bbox 95 4407 206 4475; x_wconf 84' lang='lat' dir='ltr'><strong>notavit,</strong></span> <span class='ocrx_word' id='word_1_356' title='bbox 225 4409 253 4458; x_wconf 89' lang='lat' dir='ltr'><strong>iu</strong></span> <span class='ocrx_word' id='word_1_357' title='bbox 270 4407 387 4472; x_wconf 82' lang='lat' dir='ltr'><strong>margine</strong></span> <span class='ocrx_word' id='word_1_358' title='bbox 405 4422 449 4474; x_wconf 91' lang='grc' dir='ltr'><strong>γρ.</strong></span> <span class='ocrx_word' id='word_1_359' title='bbox 468 4406 588 4473; x_wconf 87' lang='grc' dir='ltr'>πηλυγίς</span> <span class='ocrx_word' id='word_1_360' title='bbox 605 4414 698 4471; x_wconf 80' lang='lat' dir='ltr'><strong>exstat,</strong></span> <span class='ocrx_word' id='word_1_361' title='bbox 717 4425 749 4459; x_wconf 85' lang='lat' dir='ltr'><strong>ex</strong></span> <span class='ocrx_word' id='word_1_362' title='bbox 770 4410 940 4476; x_wconf 83' lang='lat' dir='ltr'><strong>etymologici</strong></span> <span class='ocrx_word' id='word_1_363' title='bbox 953 4410 1052 4477; x_wconf 90' lang='lat' dir='ltr'><strong>codice,</strong></span> <span class='ocrx_word' id='word_1_364' title='bbox 1072 4426 1104 4460; x_wconf 85' lang='lat' dir='ltr'><strong>ex</strong></span> <span class='ocrx_word' id='word_1_365' title='bbox 1116 4426 1169 4476; x_wconf 92' lang='lat' dir='ltr'><strong>quo</strong></span> <span class='ocrx_word' id='word_1_366' title='bbox 1181 4409 1241 4460; x_wconf 91' lang='lat' dir='ltr'><strong>illic</strong></span> 
     </span>
     <span class='ocr_line' id='line_1_42' title="bbox 95 4496 804 4564; baseline 0.004 -18"><span class='ocrx_word' id='word_1_367' title='bbox 95 4496 179 4546; x_wconf 84' lang='lat' dir='ltr'><strong>multa</strong></span> <span class='ocrx_word' id='word_1_368' title='bbox 198 4496 357 4559; x_wconf 82' lang='lat' dir='ltr'><strong>glossemata</strong></span> <span class='ocrx_word' id='word_1_369' title='bbox 374 4497 508 4563; x_wconf 87' lang='lat' dir='ltr'><strong>adscripta</strong></span> <span class='ocrx_word' id='word_1_370' title='bbox 527 4503 595 4564; x_wconf 86' lang='lat' dir='ltr'><strong>sunt,</strong></span> <span class='ocrx_word' id='word_1_371' title='bbox 614 4498 736 4548; x_wconf 88' lang='lat' dir='ltr'><strong>haustum</strong></span> <span class='ocrx_word' id='word_1_372' title='bbox 756 4505 804 4549; x_wconf 88' lang='lat' dir='ltr'><strong>est.</strong></span> 
     </span>
    </p>
   </div>
   <div class='ocr_carea' id='block_1_5' title="bbox 0 0 1474 4922">
    <p class='ocr_par' dir='ltr' id='par_1_7' title="bbox 0 0 1474 4922">
     <span class='ocr_line' id='line_1_43' title="bbox 0 0 1474 4922; baseline 0 0"><span class='ocrx_word' id='word_1_373' title='bbox 0 0 1474 4922; x_wconf 95' lang='lat' dir='ltr'><strong> </strong></span> 
     </span>
    </p>
   </div>
  </div>
 </body>
</html>
