2938 4922
675 253 710 308 27

120 432 237 513 λίμνην
259 432 321 510 (Et.
348 434 390 492 M.
414 429 450 494 έν
471 436 509 513 τῇ
533 431 565 494 Σ.-
589 429 631 509 λ.)
656 428 691 493 έν
714 427 861 516 ᾼίγύτττιμ
888 428 1026 506 πλησίον
1057 432 1115 492 τοῦ
1139 430 1267 495 Πελου·

123 533 200 598 σίου
222 532 274 600 καὶ
297 530 343 612 εἰς
366 531 403 595 τὸ
426 529 526 611 βάθος
550 529 650 608 αὐτῆς
672 530 825 608 ἐμπεσεῖν
848 529 900 594 καὶ
921 534 1015 595 δῦναι
1046 530 1267 610 συνεχόμενον

123 635 270 713 ὑπὸτῆς
293 633 496 711 έκκαύσεως·
516 631 535 709 ἡ
559 633 595 696 δέ
617 631 709 710 λίμνη
731 629 912 710 θερμότητά
934 651 1004 696 τινα
1020 629 1200 711 ἀναπέμπει
1221 631 1266 712 ὡς

127 739 189 801 τού
210 735 370 814 Τυφῶνος
393 732 563 812 καιομένου
589 733 625 797 έν
645 732 735 817 αὐτῇ,
778 736 834 794 Est
855 737 915 796 hoc
937 735 1075 796 scholion
1096 739 1128 795 in
1150 755 1268 796 versum

123 843 153 900 lI
176 841 261 914 1210,
287 841 338 916 qui
361 839 485 898 affertur
500 833 671 914 (Τυφάονα
692 839 766 896 illud
788 839 938 896 lemmatis
961 839 992 896 in
1013 839 1154 912 sequenti
1175 857 1265 896 versu

124 943 239 1019 prodit,
265 959 326 1017 quo
348 940 509 998 verisimile
530 941 624 1014 fitne
639 939 722 998 hunc
738 941 862 1016 quidem
878 957 998 998 versum
1013 940 1085 998 olim
1101 934 1266 1015 defuisse);

124 1052 232 1103 tamen
253 1045 355 1102 omnia
376 1043 547 1118 impediunt
570 1057 637 1110 nos,
675 1041 837 1116 quominus
870 1041 949 1098 haec·
970 1041 1001 1098 in
1022 1041 1136 1100 scholia
1162 1050 1269 1098 nostra

126 1149 263 1206 inserere
286 1153 481 1222 temptemus,
516 1145 636 1202 etiamsi
657 1145 803 1204 nonnulla
825 1123 940 1214 insunt}
961 1163 1041 1221 quae
1063 1146 1121 1203 illic
1140 1161 1202 1202 non
1223 1163 1268 1202 re·

125 1247 273 1326 perimus:
301 1248 379 1305 duos
402 1247 551 1306 docemur
571 1246 703 1305 discerni
726 1245 891 1321 Caucason
916 1264 1009 1304 unum
1032 1246 1063 1303 in
1078 1245 1265 1322 Scytharum,

123 1327 256 1408 alteru'm
278 1349 309 1406 n
327 1349 473 1406 indorum
495 1355 574 1405 terra
596 1341 647 1424 (cf.
669 1347 766 1408 strab.
790 1347 834 1404 xr
856 1365 887 1422 p.
903 1349 964 1407 505
986 1354 1017 1406 et
1038 1344 1129 1422 τοεχ
1155 1347 1268 1405 aetnae

124 1451 227 1508 lacum
249 1448 426 1520 Serbonida,
448 1449 521 1526 quia
533 1448 680 1524 Tryphon
702 1456 855 1506 crematus
879 1449 934 1506 sub
950 1467 987 1506 eo
1002 1449 1113 1518 iaceat,
1136 1449 1268 1507 calorem

127 1552 283 1627 quendam
304 1551 464 1627 emitteres
488 1567 620 1625 quocum
642 1548 795 1608 consentit
819 1549 929 1608 Strabo
953 1550 1026 1608 XVI
1056 1569 1084 1626 p.
1109 1553 1180 1618 763,
1215 1550 1267 1628 qui

123 1661 229 1712 narrat
251 1653 388 1710 bitumen
411 1670 449 1709 ex
472 1652 530 1710 hoc
552 1653 620 1710 lacu
652 1671 721 1710 cum
753 1669 852 1729 aquae
888 1653 976 1729 quasi
1007 1652 1150 1710 ferventis
1182 1652 1268 1714 bullis

125 1755 253 1832 erumpi,
274 1755 356 1810 unde
379 1753 466 1812 simul
488 1754 598 1828 elucet,
622 1754 778 1829 quomodo
791 1753 873 1812 fama
888 1752 1036 1812 exstiterit
1050 1754 1099 1812 hic
1114 1755 1268 1830 gigantem

122 1856 207 1914 illum
230 1856 339 1932 iacere,
362 1856 414 1930 qui
434 1863 496 1913 tam
517 1855 710 1912 multls‘locis
729 1854 784 1914 sub
807 1863 887 1913 terra
908 1842 1003 1914 latere
1026 1855 1266 1916 existimabatur.

127 1957 224 2030 Quod
246 1957 356 2014 dicitur
379 1957 419 2015 de
440 1957 574 2032 genetivi
585 1950 760 2032 Τυφάονος
783 1964 814 2014 et
825 1951 1061 2032 Ποσειδάωνος
1085 1956 1262 2026 differentia,

124 2058 193 2116 sine
215 2059 309 2116 dubio
333 2059 468 2135 aliunde,
491 2076 529 2114 ex
544 2058 744 2134 grammatico
767 2058 878 2135 aliquo,
901 2059 1088 2116 arcessitum.
1103 2061 1154 2130 -g
1162 2059 1211 2118 Et.
1224 2058 1267 2117 M.

122 2161 173 2229 43,
195 2162 234 2220 49
266 2177 294 2219 v.
317 2153 440 2219 ἀκαινα.
480 2153 698 2234 Ἀπολλώνιος
727 2155 913 2234 ,,έργατίνης
947 2155 993 2234 ὥς
1025 2175 1073 2234 τις
1106 2175 1141 2220 τε
1162 2154 1265 2220 Πελα·

122 2255 211 2332 σγίδι
234 2256 358 2322 νύσσεν
380 2254 524 2340 ἀκαίνη“.
566 2254 679 2321 Ἔστιν
701 2257 737 2322 δὲ
770 2255 891 2336 ῥάβδος
912 2253 1174 2338 τόζκαλούμενον
1199 2257 1269 2338 βού-

121 2377 265 2436 κεντρον.
286 2355 472 2435 ὠνόμασται
495 2358 531 2421 δὲ
554 2356 673 2436 οὕτως·
703 2357 815 2437 Νεῖλος
840 2357 945 2422 ὁτῶν
969 2357 1145 2434 Αἰγυπτίων
1166 2379 1263 2422 ποτα-

122 2459 184 2538 μὸς
207 2455 394 2538 ἀναβλύῑων
416 2458 467 2522 καὶ
489 2457 705 2537 ἀνερχόμενος
729 2458 781 2523 διά
810 2462 868 2523 τού
891 2459 1007 2538 θέρους
1040 2459 1080 2522 τά
1111 2459 1184 2538 ὅρια
1207 2464 1266 2540 τῆς

123 2563 190 2623 τῶν
212 2559 389 2635 Αἰγυπτίων
417 2563 476 2638 γῆς
505 2565 544 2642 τῇ
580 2559 719 2644 ύγρασίᾳ
753 2560 839 2625 λύων
871 2561 922 2625 καὶ
954 2562 1065 2640 μιγνὺς
1088 2561 1267 2628 ἀπώλλυεν.

121 2661 361 2739 ἐλαττουμένου
384 2662 420 2726 δὲ
443 2661 543 2726 αὐτοῦ
566 2661 660 2726 πάλιν
682 2662 734 2725 καὶ
756 2660 994 2741 ἀποβαίνοντος
1028 2661 1111 2741 μάχη
1133 2662 1185 2726 καὶ
1207 2660 1263 2740 ἀμ-

122 2762 318 2842 φισβήτησις
341 2765 409 2842 τοῖς
432 2761 613 2841 Αἰγυπτίοις
643 2763 715 2841 περὶ
748 2767 812 2829 τῶν
845 2763 944 2842 ὁρίων
972 2763 1115 2841 τοσαύτη
1139 2762 1269 2839 ἐγένετο

122 2863 210 2928 ὥστε
232 2864 284 2927 καὶ
305 2861 466 2944 ἀλλήλους
489 2865 648 2943 φονεύειν.
673 2865 812 2944 ὕστερον
834 2866 870 2930 δὲ
893 2865 1014 2946 ῥάβδον
1028 2867 1185 2946 λαβόντες
1207 2865 1266 2944 τὰς

121 2964 247 3028 ἑαυτῶν
269 2967 331 3042 γᾶς
353 2965 573 3044 έγεωμέτρουν
592 2967 655 3045 πρὸ
677 2969 735 3045 τῆς
758 2964 951 3047 ἀναβάσεως
973 2971 1030 3031 τού
1047 2971 1195 3045 ποταμοῦ
1211 2967 1263 3030 καλ

122 3065 344 3143 έσημέιοῦντο.
379 3066 430 3131 καὶ
463 3066 559 3132 πάλιν
583 3069 661 3146 μετὰ
682 3069 751 3146 ’τὴν
782 3066 943 3148 ἀπόβασιν
977 3073 1035 3132 τού
1060 3072 1207 3147 ποταμοῦ
1229 3072 1267 3150 τῇ

122 3165 203 3248 αὐτῇ
225 3165 334 3250 ῥάβδῳ
358 3167 586 3246 έγεωμέτρουν,
610 3169 660 3232 καὶ
675 3175 935 3250 γεωμετρούντες
950 3169 1089 3248 ἕκαστος
1107 3171 1165 3249 τὴν
1181 3169 1264 3234 ἰδίαν

122 3269 184 3344 γῆν
206 3265 409 3348 ἀπελάμβανε
431 3268 503 3348 δίχα
525 3269 628 3349 μάχης
649 3271 700 3334 καὶ
719 3271 834 3350 φόνου.
859 3272 976 3351 ἐκλήθη
1001 3271 1059 3337 οὖν
1083 3273 1102 3350 ἡ
1127 3271 1257 3352 ῥάβδος,

123 3368 193 3451 ἐνῇ
210 3369 441 3449 έγεωμέτρουν,
467 3369 622 3452 άκαινα,ἡ
639 3377 805 3452 στερούσα
820 3373 938 3451 αύτούς
953 3377 1011 3438 τού
1026 3374 1145 3438 καίνειν
1167 3373 1260 3453 ἀλλή·

123 3473 212 3550 λους,
237 3470 255 3535 ό
279 3471 348 3536 έστι
369 3473 530 3551 φονεύειν.
556 3475 680 3550 λέγεται
705 3477 751 3546 δὲ,
781 3475 830 3539 ότι
856 3476 1028 3554 Θεσσαλός
1049 3497 1097 3555 τις
1119 3475 1261 3555 εὑρεθεὶς

122 3572 160 3636 έν
181 3571 328 3656 Αἰγύπτῳ
351 3573 553 3650 έπενοήσατο
575 3580 614 3658 τῇ
636 3575 745 3661 ῥάβδῳ
768 3581 962 3656 γεωμετρεῖν
983 3579 1041 3655 τὴν
1067 3581 1137 3654 γῆν.
1167 3575 1260 3641 ένβεν

122 3671 177 3736 καὶ
199 3671 378 3748 Πελασγίδι
400 3671 489 3740 εἶπεν
509 3673 580 3741 ἀντὶ
601 3681 659 3741 τού
676 3677 869 3760 θεσσαλικῇ.
886 3678 1054 3756 ἐργατίνης
1071 3679 1106 3742 δὲ
1130 3675 1263 3760 ἀγεωρ-

122 3772 195 3852 γός.
238 3775 351 3836 Totum
373 3780 455 3838 hunc
474 3781 574 3840 locum
597 3781 735 3840 scholion
757 3800 827 3841 esse
843 3785 883 3842 ad
905 3801 1025 3841 versum
1052 3783 1102 3859 qui
1124 3783 1268 3858 proponi·

121 3887 175 3936 tur
195 3877 239 3935 ΙΙΙ
263 3881 343 3940 1323
367 3889 483 3940 certum
504 3892 553 3942 est
582 3901 620 3942 ex
643 3880 1005 3960 νετδοτυωζΠελασγίδι
1037 3893 1068 3942 et
1097 3880 1265 3959 ἐργατίνης

122 3980 376 4056 interpretatione
397 3983 429 4040 in
449 3983 510 4042 fine
533 3984 663 4044 adiecta.
717 3987 753 4045 ln
784 3988 895 4046 nostris
930 3996 1032 4045 autem
1062 3985 1184 4044 scholiis
1208 3986 1268 4044 alia

123 4088 174 4140 est
196 4083 236 4140 de
258 4081 318 4142 hoc
340 4084 432 4144 verbo
455 4086 624 4156 adnotatio,
646 4083 825 4164 de20rigine
847 4089 911 4146 eius
934 4087 1008 4145 nihil
1029 4087 1147 4148 dicitur.
1180 4087 1268 4144 ldem

122 4189 217 4259 atque
239 4183 288 4243 hic
304 4185 500 4263 veriloquium
521 4181 824 4268 inveniesffltraditum
848 4189 932 4274 apud
943 4187 1117 4263 Olympiod.
1143 4183 1265 4264 adlllri-

123 4291 198 4343 stot.
218 4285 379 4345 Meteorol.
401 4306 429 4363 p.
454 4290 514 4348 258
536 4289 649 4362 Ideler;
672 4297 795 4348 narrant
816 4290 910 4348 etiam
931 4289 1110 4348 Herodotus
1125 4283 1168 4364 (Il
1185 4282 1259 4364 109)

125 4385 237 4462 aliique
264 4395 389 4463 propter
417 4387 475 4447 Nili
511 4389 727 4448 inundationes
760 4383 1033 4468 apudJAegyptios
1067 4388 1266 4464 geometriam

125 4505 194 4546 esse
216 4489 379 4551 inventam.
404 4521 443 4532 -
463 4492 512 4550 Et.
535 4491 577 4551 M.
603 4493 672 4568 118,
696 4495 734 4551 22
770 4511 798 4552 v.
822 4485 1023 4576 ἀπάργματα,
1046 4507 1147 4565 xquem
1168 4490 1269 4548 locum
