2938 4922
654 229 689 283 35

95 426 153 482 pro
176 404 214 470 τὸ
237 404 269 470 ἐξ
291 403 411 482 αὐτῆς
432 402 700 483 κυοφορούμενον
732 426 800 466 cum
833 409 880 469 Et.
903 409 943 468 M.
973 411 1136 484 legendum
1169 429 1239 469 esse

96 505 192 571 τὸέξ
222 504 339 570 αὐτοῦ
368 504 633 586 κυοφορούμενον
667 502 721 585 (sc.
754 505 790 568 ἑκ
814 505 1009 586 Διονύσου);
1048 511 1084 572 cf.
1113 511 1239 571 Lucian.

96 610 178 669 Dial.
201 609 293 668 Deor.
319 611 345 684 1,
369 613 396 680 2,
418 610 470 668 ubi
490 609 691 668 Prometheus
720 610 784 669 Iovi
816 611 903 668 dicit:
940 606 980 684 ἢν
1003 607 1064 686 γὰρ
1098 607 1177 687 αὕτη
1206 609 1239 692 (ἡ

98 707 208 788 Θέτις)
230 707 420 792 κυοφορήσῃ
444 707 479 772 ἐκ
501 710 573 771 σοῖι.
617 711 648 770 Ρ.
672 712 741 780 357,
766 715 782 769 3
806 712 923 770 Keilius
948 712 1087 772 lacunam
1104 713 1238 790 suspica·

98 815 201 872 turin
223 813 339 871 scholio
361 829 441 881 esse,
463 813 495 870 in
517 829 578 888 qua
594 811 694 887 Priapi
716 813 847 871 nominis
869 812 1067 889 veriloquium
1089 815 1239 874 excidisse

95 915 275 983 arbitratur;
312 915 367 972 sed
388 909 465 988 puto
488 914 573 988 quod
594 911 703 988 legitur
736 914 767 971 in
789 916 858 974 cod.
881 913 971 974 Laur.
1005 911 1041 975 ἐκ
1072 913 1131 976 τοῦ
1165 917 1238 977 nihil

96 1017 183 1074 aliud
205 1033 272 1074 esse
296 1015 352 1074 nisi
374 1014 447 1073 illud
469 1011 521 1075 καὶ
543 1014 669 1088 τοῦτον,
702 1016 787 1090 quod
815 1007 950 1090 praebet¹
963 1016 1013 1076 Et.
1034 1017 1085 1092 M,
1113 1026 1238 1094 propter

94 1118 313 1193 compendium
336 1117 504 1192 scripturae
526 1133 545 1172 a
569 1116 688 1174 librario
712 1135 775 1174 non
796 1116 992 1178 intellectum.
1042 1117 1114 1176 Sine
1143 1120 1238 1178 dubio

92 1221 170 1279 illud
192 1237 314 1296 quoque
337 1219 472 1289 verbum,
494 1235 555 1295 quo
571 1218 676 1302 Priapi
695 1219 873 1278 deformitas
889 1227 951 1276 tam
970 1219 1051 1277 bene
1068 1220 1238 1297 illustratur,

97 1321 317 1402 βαθυαιδοῖον,
341 1321 372 1378 in
393 1320 529 1379 scholion
550 1321 746 1378 inserendum
768 1312 841 1381 est¹.

199 1425 245 1484 Ex
269 1419 317 1480 Et.
341 1421 382 1480 M.
400 1423 471 1500 673,
494 1422 533 1481 43
557 1441 583 1481 v.
607 1417 751 1492 Πιτύεια,
776 1431 809 1481 ut
832 1422 893 1482 iam
908 1423 1025 1482 Keilius
1046 1432 1132 1483 recte
1154 1425 1239 1495 vidit,

94 1529 131 1584 in
152 1525 246 1584 schol.
271 1525 311 1583 ad
332 1524 346 1581 1
369 1525 429 1584 933
452 1521 559 1598 (quem
581 1541 701 1582 versum
723 1523 796 1583 Mill.
828 1542 858 1599 p.
883 1526 941 1584 246
966 1526 1146 1584 addendum
1168 1543 1238 1584 esse

95 1623 213 1702 scribit)
236 1635 306 1701 post
328 1619 524 1700 ὀνομάζουσι
552 1627 766 1700 complendum
797 1634 846 1684 est
880 1622 933 1686 διὰ
964 1624 1003 1687 τὸ
1036 1623 1120 1702 ἔχειν
1145 1623 1238 1704 πίτυς

99 1723 235 1804 πολλάς.
259 1759 296 1768 -
321 1728 411 1803 Apud
431 1726 502 1786 Mill,
524 1746 553 1802 p.
577 1728 636 1786 315
659 1746 685 1786 v.
711 1721 808 1787 ὧλλοι
831 1722 883 1804 (cf.
907 1727 955 1788 Et.
977 1728 1018 1788 M.
1037 1731 1108 1794 821,
1132 1732 1170 1788 39
1187 1731 1239 1786 ubi

93 1831 157 1889 loci
179 1829 282 1888 omissi
312 1825 396 1904 sunt)
429 1828 608 1887 adferuntur
640 1829 696 1904 Ap.
731 1848 756 1887 v.
779 1829 794 1886 I
818 1830 894 1888 1081
931 1838 963 1888 et
994 1830 1091 1890 1998
1125 1831 1238 1888 scholio

92 1931 202 2008 prioris
227 1931 287 1988 loci
309 1931 474 2006 adscripto,
499 1932 580 1987 unde
602 1930 807 2005 supplendum
832 1931 966 1989 videtur:
999 1926 1112 2006 διόπερ
1134 1927 1238 2006 Ζηνο-

96 2029 186 2113 δότιρ
208 2029 388 2108 μέμφονται
410 2027 530 2092 εἰπόντι
553 2030 637 2092 δεῖν
659 2025 947 2102 ἀναγινώσκειν
970 2027 1089 2103 ,,ιῙιλλοι
1118 2029 1175 2109 μέν
1198 2028 1238 2107 ῥα

95 2130 167 2196 θεοί
188 2150 222 2195 τε
245 2130 297 2193 καὶ
320 2127 462 2207 ἀνέρες“.
508 2130 553 2190 Cf.
575 2132 669 2192 schol.
695 2131 748 2189 AB
770 2132 802 2188 11.
826 2129 849 2191 Β
874 2135 901 2190 1.
926 2163 965 2172 -
988 2132 1037 2190 Ει.
1053 2133 1095 2194 M.
1111 2135 1182 2213 808,
1198 2137 1237 2196 35

95 2256 124 2295 v.
148 2232 296 2311 χέραδος,
328 2237 380 2312 qui
410 2236 505 2310 locus,
544 2251 727 2309 quamquam
748 2234 931 2314 Apollonius¹
960 2253 1024 2292 non
1056 2236 1237 2310 nominatur,

93 2347 201 2396 tamen
223 2337 295 2396 inde
317 2357 336 2396 a
356 2356 382 2398 v.
398 2332 534 2413 χεράδες
558 2332 705 2408 λέγονται
728 2353 766 2393 ex
789 2335 902 2393 scholio
924 2335 1085 2396 adilina
1100 2345 1238 2413 sumptus
1264 2325 1266 2328 ’

92 2447 152 2515 est,
175 2448 208 2497 ut
229 2446 356 2515 apparet
379 2455 416 2494 ex
441 2455 603 2498 consensu.
649 2435 744 2494 Recte
766 2435 860 2494 habet
875 2437 924 2496 Et.
941 2436 982 2496 M.
999 2455 1055 2513 pro
1071 2433 1122 2508 „0‘1
1135 2434 1238 2514 μικρολ

94 2538 198 2616 σωροὶ
220 2541 284 2602 τιῖιν
306 2534 424 2601 λίθων*
448 2534 499 2617 „oi
521 2536 622 2613 σωροὶ
636 2538 700 2600 τιῖιν
716 2534 814 2600 λίθων
831 2537 895 2599 τῶν
910 2533 1057 2613 μικρῶν“.
1101 2540 1239 2617 Sapphus

95 2659 208 2717 versus,
231 2643 335 2718 quiin
358 2640 446 2700 Laur.
469 2640 512 2698 sic
535 2641 657 2716 legitur:
690 2636 750 2716 ,,μὴ
774 2637 849 2714 κενή
873 2636 1044 2716 χέραδος“,
1075 2643 1105 2699 in
1126 2642 1173 2701 Et.
1196 2643 1238 2704 M.
1268 2629 1270 2634 ¹

93 2742 156 2823 ,,μή
179 2739 255 2806 κίνει
271 2735 440 2820 χεράδαςιι,
463 2743 581 2801 brevior
603 2749 649 2800 est
671 2759 763 2818 quam
784 2750 818 2798 ut
840 2751 924 2800 certo
948 2743 1104 2802 emendari
1126 2745 1238 2820 possit;

94 2846 159 2903 veri
180 2854 281 2904 autem
304 2845 400 2903 simile
423 2854 469 2904 est
492 2847 576 2922 quod
599 2845 719 2920 scripsit
741 2844 922 2904 Ahrensius:
960 2841 1021 2922 ,ριή
1048 2840 1117 2919 κίνη
1144 2841 1238 2921 χέρα·

93 2948 175 3022 δος“
198 2943 249 3022 (cf.
274 2947 373 3022 Bergk
394 2957 478 3024 poet.
503 2946 555 3022 lyr.
576 2947 620 3004 111
641 2965 669 3021 p.
695 2947 778 3018 127).

196 3047 231 3106 In
252 3049 300 3109 Et.
312 3048 352 3107 M.
364 3051 434 3124 465,
447 3051 486 3110 26
509 3068 535 3110 v.
546 3033 652 3110 Ἰδαῖοι
675 3048 871 3124 adponuntur
894 3051 952 3123 Ap.
969 3064 1071 3106 versus
1087 3047 1234 3108 11129-

95 3152 192 3223 11313
231 3149 344 3206 deinde
366 3149 500 3225 pergitur
522 3149 553 3206 in
576 3149 654 3207 hunc
677 3150 819 3208 modurn:
859 3143 921 3209 εἰσὶ
955 3145 990 3208 δὲ
1025 3145 1082 3208 τὸν
1103 3142 1237 3225 ἀριθμόν

94 3247 186 3312 δέκα·
224 3247 349 3312 διὸκαὶ
372 3246 537 3312 Δάκτυλοι
559 3246 874 3326 προσηγορεύθησαν
908 3245 974 3311 ἀπὸ
994 3252 1059 3312 τιῖιν
1074 3247 1238 3328 ἡμετέρων

93 3345 278 3413 δακτύλων·Ι
307 3349 327 3426 ἢ
351 3348 460 3425 ἐπειδὴ
484 3349 520 3412 ἐν
543 3351 612 3426 τοῖς
633 3347 802 3426 δακτύλοις
825 3347 1017 3427 ἐρρίφησαν.
1062 3337 1171 3413 Ἰδαῖοι
1193 3348 1240 3422 δέ,

94 3448 205 3525 ἐπειδὴ
229 3447 264 3512 ἐν
286 3445 350 3532 Ἴδῃ
371 3447 439 3526 ὄρει
459 3451 517 3527 τῆς
542 3448 664 3527 Κρήτης
686 3447 922 3526 ἐγεννήθησαν·
944 3447 1029 3525 ήότι
1052 3447 1176 3529 ήκόνις
1198 3450 1238 3526 ἣν

93 3549 232 3630 ἔρριψαν
254 3550 287 3616 ἐξ
309 3548 393 3629 Ἴδης
415 3553 474 3614 τοῦ
495 3549 594 3630 όρους
617 3549 664 3627 ἦν.
709 3550 949 3628 Στησίμβροτος
976 3551 1012 3614 δὲ
1043 3549 1078 3615 ἐν
1100 3556 1145 3634 τῷ
1166 3551 1239 3630 περὶ

93 3651 240 3716 Τελετῶν
261 3651 344 3729 Διὸς
365 3652 417 3715 καὶ
439 3649 522 3729 Ἴδης
544 3651 673 3731 νύμφης
697 3651 818 3730 αὐτοὺς
843 3652 937 3726 λέγει.
961 3652 1062 3731 φησὶν
1085 3650 1134 3715 ὅτι
1152 3649 1238 3731 Ζεὺς

93 3753 248 3818 ἐκέλευσε
270 3753 329 3832 τὰς
352 3750 435 3831 ἰδίας
458 3753 603 3831 τροφοὺς
638 3755 746 3832 λαβεῖν
779 3752 868 3818 κόνιν
901 3754 954 3817 καὶ
978 3752 1070 3833 ῥῖψαι
1092 3751 1138 3831 εἰς
1166 3753 1236 3817 τού-

91 3855 198 3918 πίσω·
232 3853 285 3917 καὶ
308 3852 342 3916 ἐκ
373 3857 430 3932 τῆς
452 3853 574 3932 κόνεως
596 3854 746 3928 γενέσθαι
781 3854 860 3932 τοὺς
878 3853 1012 3933 Ἰδαίους
1035 3854 1237 3935 Δακτύλους.

89 3955 313 4032 Ἀπολλώνιος
331 3955 605 4035 Ἀργοναυτικοῖς.
651 3960 781 4018 Primam
816 3959 903 4016 huius
939 3959 1148 4017 adnotationis
1169 3978 1238 4035 par·

93 4071 159 4120 tem
181 4062 372 4137 etymologus
394 4061 517 4119 videtur
538 4061 748 4136 composuisse
765 4078 802 4117 ex
818 4060 988 4136 veriloquiis
1012 4077 1093 4136 quae
1109 4062 1138 4118 ei
1153 4080 1238 4137 prae·

92 4164 188 4222 bebat
210 4163 347 4222 scholion
370 4163 429 4221 loci
454 4180 546 4239 quem
562 4163 669 4220 attulit.
699 4162 789 4235 Quae
805 4171 908 4221 autem
925 4170 1090 4237 sequuntur
1105 4181 1236 4238 magnae

190 4372 200 4410 ¹
219 4379 307 4429 Tzetz.
326 4379 360 4427 ad
371 4377 502 4443 Lycophr.
515 4377 566 4430 831
586 4378 655 4427 hunc
673 4378 762 4430 locum
779 4377 916 4444 exscripsit
934 4393 965 4427 ex
985 4379 1026 4430 Et.
1041 4379 1087 4443 M„
1107 4379 1153 4429 sed
1167 4387 1228 4432 nota

93 4465 265 4535 neglegentia
282 4467 407 4535 Priapum
426 4465 562 4517 Adonidis
581 4465 664 4516 filium
683 4467 753 4518 iecit.
770 4525 773 4532 Ι
