<?xml version="1.0" encoding="UTF-8"?>
<!DOCTYPE html PUBLIC "-//W3C//DTD XHTML 1.0 Transitional//EN"
    "http://www.w3.org/TR/xhtml1/DTD/xhtml1-transitional.dtd">
<html xmlns="http://www.w3.org/1999/xhtml" xml:lang="en" lang="en">
 <head>
  <title>
</title>
<meta http-equiv="Content-Type" content="text/html;charset=utf-8" />
  <meta name='ocr-system' content='tesseract 3.04.00' />
  <meta name='ocr-capabilities' content='ocr_page ocr_carea ocr_par ocr_line ocrx_word'/>
</head>
<body>
  <div class='ocr_page' id='page_1' title='image "./descholiisinapo00bercgoog_0041.png"; bbox 0 0 2938 4922; ppageno 0'>
   <div class='ocr_carea' id='block_1_1' title="bbox 781 266 817 327">
    <p class='ocr_par' dir='ltr' id='par_1_1' title="bbox 781 266 817 327">
     <span class='ocr_line' id='line_1_1' title="bbox 781 266 817 327; baseline 0.028 -1"><span class='ocrx_word' id='word_1_1' title='bbox 781 266 817 327; x_wconf 83' lang='grc'><strong>66</strong></span> 
     </span>
    </p>
   </div>
   <div class='ocr_carea' id='block_1_2' title="bbox 225 447 1378 4584">
    <p class='ocr_par' dir='ltr' id='par_1_2' title="bbox 225 447 1377 4074">
     <span class='ocr_line' id='line_1_2' title="bbox 227 447 1367 524; baseline -0.001 -16"><span class='ocrx_word' id='word_1_2' title='bbox 227 456 297 508; x_wconf 89' lang='lat' dir='ltr'><strong>sunt</strong></span> <span class='ocrx_word' id='word_1_3' title='bbox 315 448 510 507; x_wconf 80' lang='lat' dir='ltr'><strong>difficultatis</strong></span> <span class='ocrx_word' id='word_1_4' title='bbox 546 447 761 507; x_wconf 87' lang='lat' dir='ltr'><strong>Stesimbrotus</strong></span> <span class='ocrx_word' id='word_1_5' title='bbox 783 449 864 508; x_wconf 88' lang='lat' dir='ltr'><strong>enim</strong></span> <span class='ocrx_word' id='word_1_6' title='bbox 887 450 1016 524; x_wconf 88' lang='lat' dir='ltr'><strong>primurn</strong></span> <span class='ocrx_word' id='word_1_7' title='bbox 1031 449 1079 508; x_wconf 94' lang='lat' dir='ltr'><strong>hic</strong></span> <span class='ocrx_word' id='word_1_8' title='bbox 1099 449 1208 509; x_wconf 90' lang='lat' dir='ltr'><strong>dicitur</strong></span> <span class='ocrx_word' id='word_1_9' title='bbox 1222 451 1367 510; x_wconf 81' lang='lat' dir='ltr'><strong>docuisse</strong></span> 
     </span>
     <span class='ocr_line' id='line_1_3' title="bbox 226 548 1372 629; baseline 0.002 -21"><span class='ocrx_word' id='word_1_10' title='bbox 226 551 307 608; x_wconf 86' lang='lat' dir='ltr'><strong>lovis</strong></span> <span class='ocrx_word' id='word_1_11' title='bbox 329 558 360 607; x_wconf 90' lang='lat' dir='ltr'><strong>et</strong></span> <span class='ocrx_word' id='word_1_12' title='bbox 384 548 459 608; x_wconf 87' lang='lat' dir='ltr'><strong>ldae</strong></span> <span class='ocrx_word' id='word_1_13' title='bbox 481 549 633 626; x_wconf 84' lang='lat' dir='ltr'><strong>nymphae</strong></span> <span class='ocrx_word' id='word_1_14' title='bbox 655 550 731 608; x_wconf 91' lang='lat' dir='ltr'><strong>filios</strong></span> <span class='ocrx_word' id='word_1_15' title='bbox 761 568 829 610; x_wconf 82' lang='lat' dir='ltr'><strong>esse</strong></span> <span class='ocrx_word' id='word_1_16' title='bbox 851 551 972 621; x_wconf 85' lang='lat' dir='ltr'><strong>Idaeos,</strong></span> <span class='ocrx_word' id='word_1_17' title='bbox 1007 551 1122 610; x_wconf 88' lang='lat' dir='ltr'><strong>deinde</strong></span> <span class='ocrx_word' id='word_1_18' title='bbox 1147 569 1220 610; x_wconf 88' lang='lat' dir='ltr'><strong>vero</strong></span> <span class='ocrx_word' id='word_1_19' title='bbox 1242 569 1280 610; x_wconf 88' lang='lat' dir='ltr'><strong>ex</strong></span> <span class='ocrx_word' id='word_1_20' title='bbox 1301 553 1372 629; x_wconf 88' lang='lat' dir='ltr'><strong>pul·</strong></span> 
     </span>
     <span class='ocr_line' id='line_1_4' title="bbox 226 650 1370 728; baseline 0.002 -18"><span class='ocrx_word' id='word_1_21' title='bbox 226 669 296 710; x_wconf 87' lang='lat' dir='ltr'><strong>vere</strong></span> <span class='ocrx_word' id='word_1_22' title='bbox 317 651 401 709; x_wconf 82' lang='lat' dir='ltr'><strong>iussu</strong></span> <span class='ocrx_word' id='word_1_23' title='bbox 418 650 497 708; x_wconf 88' lang='lat' dir='ltr'><strong>lovis</strong></span> <span class='ocrx_word' id='word_1_24' title='bbox 520 669 539 708; x_wconf 86' lang='lat' dir='ltr'><strong>a</strong></span> <span class='ocrx_word' id='word_1_25' title='bbox 560 650 699 727; x_wconf 88' lang='lat' dir='ltr'><strong>nymphis</strong></span> <span class='ocrx_word' id='word_1_26' title='bbox 721 651 801 710; x_wconf 87' lang='lat' dir='ltr'><strong>iacto</strong></span> <span class='ocrx_word' id='word_1_27' title='bbox 824 669 894 710; x_wconf 87' lang='lat' dir='ltr'><strong>esse</strong></span> <span class='ocrx_word' id='word_1_28' title='bbox 916 660 1009 713; x_wconf 89' lang='lat' dir='ltr'><strong>ortos.</strong></span> <span class='ocrx_word' id='word_1_29' title='bbox 1054 652 1142 712; x_wconf 88' lang='lat' dir='ltr'><strong>Haec</strong></span> <span class='ocrx_word' id='word_1_30' title='bbox 1162 653 1370 728; x_wconf 85' lang='lat' dir='ltr'>discrepantia</span> 
     </span>
     <span class='ocr_line' id='line_1_5' title="bbox 227 750 1371 829; baseline 0.002 -18"><span class='ocrx_word' id='word_1_31' title='bbox 227 752 460 812; x_wconf 79' lang='lat' dir='ltr'><strong>removeri&#39;non</strong></span> <span class='ocrx_word' id='word_1_32' title='bbox 481 760 585 829; x_wconf 90' lang='lat' dir='ltr'><strong>potest</strong></span> <span class='ocrx_word' id='word_1_33' title='bbox 617 753 674 810; x_wconf 88' lang='lat' dir='ltr'><strong>nisi</strong></span> <span class='ocrx_word' id='word_1_34' title='bbox 703 760 774 812; x_wconf 86' lang='lat' dir='ltr'><strong>ante</strong></span> <span class='ocrx_word' id='word_1_35' title='bbox 808 750 891 829; x_wconf 88' lang='grc' dir='ltr'>φησὶ</span> <span class='ocrx_word' id='word_1_36' title='bbox 924 755 1113 829; x_wconf 84' lang='lat' dir='ltr'><strong>suspicamur</strong></span> <span class='ocrx_word' id='word_1_37' title='bbox 1141 754 1216 813; x_wconf 87' lang='lat' dir='ltr'><strong>alius</strong></span> <span class='ocrx_word' id='word_1_38' title='bbox 1237 755 1371 814; x_wconf 86' lang='lat' dir='ltr'><strong>auctoris</strong></span> 
     </span>
     <span class='ocr_line' id='line_1_6' title="bbox 227 852 1372 928; baseline 0.002 -16"><span class='ocrx_word' id='word_1_39' title='bbox 227 866 341 912; x_wconf 89' lang='lat' dir='ltr'><strong>nornen</strong></span> <span class='ocrx_word' id='word_1_40' title='bbox 377 852 535 913; x_wconf 83' lang='lat' dir='ltr'><strong>excidisse.</strong></span> <span class='ocrx_word' id='word_1_41' title='bbox 585 853 655 911; x_wconf 91' lang='lat' dir='ltr'><strong>Hoc</strong></span> <span class='ocrx_word' id='word_1_42' title='bbox 687 871 759 911; x_wconf 90' lang='lat' dir='ltr'><strong>vero</strong></span> <span class='ocrx_word' id='word_1_43' title='bbox 791 873 854 912; x_wconf 92' lang='lat' dir='ltr'><strong>non</strong></span> <span class='ocrx_word' id='word_1_44' title='bbox 887 855 1037 926; x_wconf 86' lang='lat' dir='ltr'><strong>convenit,</strong></span> <span class='ocrx_word' id='word_1_45' title='bbox 1072 862 1106 914; x_wconf 95' lang='lat' dir='ltr'><strong>ut</strong></span> <span class='ocrx_word' id='word_1_46' title='bbox 1138 856 1265 928; x_wconf 86' lang='lat' dir='ltr'><strong>videtur,</strong></span> <span class='ocrx_word' id='word_1_47' title='bbox 1301 874 1372 914; x_wconf 91' lang='lat' dir='ltr'><strong>curn</strong></span> 
     </span>
     <span class='ocr_line' id='line_1_7' title="bbox 229 955 1372 1034; baseline 0.003 -22"><span class='ocrx_word' id='word_1_48' title='bbox 229 955 345 1014; x_wconf 90' lang='lat' dir='ltr'><strong>scholio</strong></span> <span class='ocrx_word' id='word_1_49' title='bbox 366 963 484 1025; x_wconf 82' lang='lat' dir='ltr'><strong>nostre,</strong></span> <span class='ocrx_word' id='word_1_50' title='bbox 507 956 593 1030; x_wconf 91' lang='lat' dir='ltr'><strong>quod</strong></span> <span class='ocrx_word' id='word_1_51' title='bbox 615 963 746 1013; x_wconf 88' lang='lat' dir='ltr'><strong>testatur</strong></span> <span class='ocrx_word' id='word_1_52' title='bbox 760 956 954 1031; x_wconf 88' lang='lat' dir='ltr'><strong>Apollonium</strong></span> <span class='ocrx_word' id='word_1_53' title='bbox 969 956 1124 1015; x_wconf 89' lang='lat' dir='ltr'><strong>Rhodium</strong></span> <span class='ocrx_word' id='word_1_54' title='bbox 1141 957 1227 1034; x_wconf 86' lang='lat' dir='ltr'><strong>sequi</strong></span> <span class='ocrx_word' id='word_1_55' title='bbox 1243 956 1372 1016; x_wconf 89' lang='lat' dir='ltr'><strong>Stesim-</strong></span> 
     </span>
     <span class='ocr_line' id='line_1_8' title="bbox 229 1050 1372 1134; baseline 0.006 -22"><span class='ocrx_word' id='word_1_56' title='bbox 229 1056 359 1130; x_wconf 90' lang='lat' dir='ltr'><strong>brotum,</strong></span> <span class='ocrx_word' id='word_1_57' title='bbox 383 1065 578 1129; x_wconf 72' lang='lat' dir='ltr'><strong>cum-narret,</strong></span> <span class='ocrx_word' id='word_1_58' title='bbox 603 1050 653 1116; x_wconf 88' lang='grc' dir='ltr'>ότι</span> <span class='ocrx_word' id='word_1_59' title='bbox 667 1051 775 1131; x_wconf 86' lang='grc' dir='ltr'>νύμφη</span> <span class='ocrx_word' id='word_1_60' title='bbox 792 1073 839 1132; x_wconf 93' lang='grc' dir='ltr'><strong>τις</strong></span> <span class='ocrx_word' id='word_1_61' title='bbox 856 1051 1004 1132; x_wconf 79' lang='grc' dir='ltr'>Οἰαξίδος</span> <span class='ocrx_word' id='word_1_62' title='bbox 1020 1057 1081 1133; x_wconf 81' lang='grc' dir='ltr'><strong>γῆς</strong></span> <span class='ocrx_word' id='word_1_63' title='bbox 1096 1055 1276 1134; x_wconf 78' lang='grc' dir='ltr'>δραξαμένη</span> <span class='ocrx_word' id='word_1_64' title='bbox 1292 1055 1372 1133; x_wconf 86' lang='grc' dir='ltr'>τοὺς</span> 
     </span>
     <span class='ocr_line' id='line_1_9' title="bbox 231 1142 1371 1236; baseline 0.002 -20"><span class='ocrx_word' id='word_1_65' title='bbox 231 1153 452 1233; x_wconf 80' lang='grc' dir='ltr'>καλουμένους</span> <span class='ocrx_word' id='word_1_66' title='bbox 473 1142 607 1232; x_wconf 85' lang='grc' dir='ltr'>Ἰδαίους</span> <span class='ocrx_word' id='word_1_67' title='bbox 632 1153 823 1233; x_wconf 86' lang='grc' dir='ltr'>Δακτύλους</span> <span class='ocrx_word' id='word_1_68' title='bbox 838 1153 980 1232; x_wconf 86' lang='grc' dir='ltr'>ἐποίησε,</span> <span class='ocrx_word' id='word_1_69' title='bbox 1004 1161 1088 1236; x_wconf 89' lang='lat' dir='ltr'><strong>quod</strong></span> <span class='ocrx_word' id='word_1_70' title='bbox 1103 1161 1155 1235; x_wconf 89' lang='lat' dir='ltr'><strong>qui</strong></span> <span class='ocrx_word' id='word_1_71' title='bbox 1170 1159 1286 1218; x_wconf 84' lang='lat' dir='ltr'><strong>dehoc</strong></span> <span class='ocrx_word' id='word_1_72' title='bbox 1301 1161 1371 1218; x_wconf 91' lang='lat' dir='ltr'><strong>loco</strong></span> 
     </span>
     <span class='ocr_line' id='line_1_10' title="bbox 229 1257 1371 1334; baseline 0.004 -20"><span class='ocrx_word' id='word_1_73' title='bbox 229 1257 291 1334; x_wconf 88' lang='lat' dir='ltr'><strong>egit</strong></span> <span class='ocrx_word' id='word_1_74' title='bbox 314 1257 487 1316; x_wconf 87' lang='lat' dir='ltr'><strong>Lobechius</strong></span> <span class='ocrx_word' id='word_1_75' title='bbox 510 1259 541 1316; x_wconf 90' lang='lat' dir='ltr'><strong>in</strong></span> <span class='ocrx_word' id='word_1_76' title='bbox 563 1257 774 1334; x_wconf 86' lang='lat' dir='ltr'><strong>Aglaophamo</strong></span> <span class='ocrx_word' id='word_1_77' title='bbox 797 1277 825 1334; x_wconf 92' lang='lat' dir='ltr'><strong>p.</strong></span> <span class='ocrx_word' id='word_1_78' title='bbox 852 1259 931 1318; x_wconf 83' lang='lat'>1158</span> <span class='ocrx_word' id='word_1_79' title='bbox 946 1278 990 1334; x_wconf 91' lang='lat' dir='ltr'><strong>sq.</strong></span> <span class='ocrx_word' id='word_1_80' title='bbox 1024 1259 1172 1334; x_wconf 83' lang='lat' dir='ltr'><strong>intellegit</strong></span> <span class='ocrx_word' id='word_1_81' title='bbox 1206 1262 1245 1318; x_wconf 92' lang='lat' dir='ltr'><strong>de</strong></span> <span class='ocrx_word' id='word_1_82' title='bbox 1267 1261 1371 1318; x_wconf 84' lang='lat' dir='ltr'><strong>Idaeis</strong></span> 
     </span>
     <span class='ocr_line' id='line_1_11' title="bbox 228 1359 1372 1436; baseline 0.003 -20"><span class='ocrx_word' id='word_1_83' title='bbox 228 1377 267 1417; x_wconf 87' lang='lat' dir='ltr'><strong>ex</strong></span> <span class='ocrx_word' id='word_1_84' title='bbox 289 1359 412 1436; x_wconf 89' lang='lat' dir='ltr'><strong>pulvere</strong></span> <span class='ocrx_word' id='word_1_85' title='bbox 434 1378 452 1417; x_wconf 91' lang='lat' dir='ltr'><strong>a</strong></span> <span class='ocrx_word' id='word_1_86' title='bbox 474 1359 613 1436; x_wconf 90' lang='lat' dir='ltr'><strong>nymphis</strong></span> <span class='ocrx_word' id='word_1_87' title='bbox 634 1359 714 1417; x_wconf 89' lang='lat' dir='ltr'><strong>iacto</strong></span> <span class='ocrx_word' id='word_1_88' title='bbox 736 1361 810 1418; x_wconf 90' lang='lat' dir='ltr'><strong>ortis</strong></span> <span class='ocrx_word' id='word_1_89' title='bbox 832 1361 947 1418; x_wconf 87' lang='lat' dir='ltr'><strong>dictum</strong></span> <span class='ocrx_word' id='word_1_90' title='bbox 969 1377 1047 1420; x_wconf 88' lang='lat' dir='ltr'><strong>esse.</strong></span> <span class='ocrx_word' id='word_1_91' title='bbox 1093 1361 1155 1418; x_wconf 89' lang='lat' dir='ltr'><strong>Sed</strong></span> <span class='ocrx_word' id='word_1_92' title='bbox 1177 1362 1246 1420; x_wconf 87' lang='lat' dir='ltr'><strong>vide</strong></span> <span class='ocrx_word' id='word_1_93' title='bbox 1266 1379 1372 1420; x_wconf 88' lang='lat' dir='ltr'><strong>nonne</strong></span> 
     </span>
     <span class='ocr_line' id='line_1_12' title="bbox 228 1457 1372 1538; baseline 0.002 -20"><span class='ocrx_word' id='word_1_94' title='bbox 228 1457 421 1519; x_wconf 83' lang='lat' dir='ltr'><strong>nihilominus</strong></span> <span class='ocrx_word' id='word_1_95' title='bbox 452 1461 591 1519; x_wconf 90' lang='lat' dir='ltr'><strong>scholion</strong></span> <span class='ocrx_word' id='word_1_96' title='bbox 612 1477 681 1518; x_wconf 89' lang='lat' dir='ltr'><strong>cum</strong></span> <span class='ocrx_word' id='word_1_97' title='bbox 709 1460 756 1522; x_wconf 90' lang='lat' dir='ltr'><strong>Et.</strong></span> <span class='ocrx_word' id='word_1_98' title='bbox 778 1461 819 1520; x_wconf 88' lang='lat' dir='ltr'><strong>M.</strong></span> <span class='ocrx_word' id='word_1_99' title='bbox 844 1462 1008 1519; x_wconf 86' lang='lat' dir='ltr'><strong>convenire</strong></span> <span class='ocrx_word' id='word_1_100' title='bbox 1029 1462 1135 1536; x_wconf 89' lang='lat' dir='ltr'><strong>possit.</strong></span> <span class='ocrx_word' id='word_1_101' title='bbox 1191 1461 1270 1520; x_wconf 88' lang='lat' dir='ltr'><strong>Nam</strong></span> <span class='ocrx_word' id='word_1_102' title='bbox 1302 1465 1372 1538; x_wconf 90' lang='lat' dir='ltr'><strong>quis</strong></span> 
     </span>
     <span class='ocr_line' id='line_1_13' title="bbox 228 1561 1373 1644; baseline 0 -22"><span class='ocrx_word' id='word_1_103' title='bbox 228 1564 312 1640; x_wconf 80' lang='lat' dir='ltr'><strong>cogit</strong></span> <span class='ocrx_word' id='word_1_104' title='bbox 333 1564 416 1633; x_wconf 87' lang='lat' dir='ltr'><strong>illud,</strong></span> <span class='ocrx_word' id='word_1_105' title='bbox 440 1564 525 1636; x_wconf 91' lang='lat' dir='ltr'><strong>quod</strong></span> <span class='ocrx_word' id='word_1_106' title='bbox 546 1562 586 1620; x_wconf 91' lang='lat' dir='ltr'><strong>de</strong></span> <span class='ocrx_word' id='word_1_107' title='bbox 608 1561 741 1638; x_wconf 87' lang='lat' dir='ltr'><strong>nympha</strong></span> <span class='ocrx_word' id='word_1_108' title='bbox 764 1562 882 1644; x_wconf 90' lang='lat' dir='ltr'><strong>dicitur,</strong></span> <span class='ocrx_word' id='word_1_109' title='bbox 914 1564 957 1621; x_wconf 84' lang='lat' dir='ltr'><strong>sic</strong></span> <span class='ocrx_word' id='word_1_110' title='bbox 978 1563 1166 1638; x_wconf 80' lang='lat' dir='ltr'><strong>intellegere,</strong></span> <span class='ocrx_word' id='word_1_111' title='bbox 1188 1573 1222 1622; x_wconf 89' lang='lat' dir='ltr'><strong>ut</strong></span> <span class='ocrx_word' id='word_1_112' title='bbox 1246 1581 1284 1623; x_wconf 85' lang='lat' dir='ltr'><strong>ex</strong></span> <span class='ocrx_word' id='word_1_113' title='bbox 1305 1566 1373 1642; x_wconf 89' lang='lat' dir='ltr'><strong>pul·</strong></span> 
     </span>
     <span class='ocr_line' id='line_1_14' title="bbox 229 1663 1371 1749; baseline 0.004 -27"><span class='ocrx_word' id='word_1_114' title='bbox 229 1683 299 1722; x_wconf 90' lang='lat' dir='ltr'><strong>vere</strong></span> <span class='ocrx_word' id='word_1_115' title='bbox 322 1667 361 1723; x_wconf 90' lang='lat' dir='ltr'><strong>ab</strong></span> <span class='ocrx_word' id='word_1_116' title='bbox 384 1681 422 1749; x_wconf 86' lang='lat' dir='ltr'><strong>ea</strong></span> <span class='ocrx_word' id='word_1_117' title='bbox 443 1665 524 1723; x_wconf 87' lang='lat' dir='ltr'><strong>iacto</strong></span> <span class='ocrx_word' id='word_1_118' title='bbox 547 1663 659 1723; x_wconf 87' lang='lat' dir='ltr'><strong>Idaeos</strong></span> <span class='ocrx_word' id='word_1_119' title='bbox 681 1673 764 1722; x_wconf 90' lang='lat' dir='ltr'><strong>ortos</strong></span> <span class='ocrx_word' id='word_1_120' title='bbox 787 1679 845 1722; x_wconf 89' lang='lat' dir='ltr'><strong>nec</strong></span> <span class='ocrx_word' id='word_1_121' title='bbox 868 1673 996 1724; x_wconf 87' lang='lat' dir='ltr'><strong>naturae</strong></span> <span class='ocrx_word' id='word_1_122' title='bbox 1028 1666 1086 1743; x_wconf 90' lang='lat' dir='ltr'><strong>via,</strong></span> <span class='ocrx_word' id='word_1_123' title='bbox 1123 1684 1193 1725; x_wconf 90' lang='lat' dir='ltr'><strong>cum</strong></span> <span class='ocrx_word' id='word_1_124' title='bbox 1227 1667 1371 1744; x_wconf 86' lang='lat' dir='ltr'><strong>nympha,</strong></span> 
     </span>
     <span class='ocr_line' id='line_1_15' title="bbox 228 1765 1373 1842; baseline 0 -18"><span class='ocrx_word' id='word_1_125' title='bbox 228 1776 261 1824; x_wconf 92' lang='lat' dir='ltr'><strong>ut</strong></span> <span class='ocrx_word' id='word_1_126' title='bbox 283 1774 333 1825; x_wconf 92' lang='lat' dir='ltr'><strong>est</strong></span> <span class='ocrx_word' id='word_1_127' title='bbox 353 1784 419 1824; x_wconf 76' lang='lat' dir='ltr'><strong>mos</strong></span> <span class='ocrx_word' id='word_1_128' title='bbox 442 1765 681 1842; x_wconf 80' lang='lat' dir='ltr'><strong>parturientium,</strong></span> <span class='ocrx_word' id='word_1_129' title='bbox 701 1771 814 1824; x_wconf 88' lang='lat' dir='ltr'><strong>terram</strong></span> <span class='ocrx_word' id='word_1_130' title='bbox 835 1773 979 1842; x_wconf 66' lang='lat' dir='ltr'><strong>captaret,</strong></span> <span class='ocrx_word' id='word_1_131' title='bbox 1012 1776 1104 1826; x_wconf 90' lang='lat' dir='ltr'><strong>natos</strong></span> <span class='ocrx_word' id='word_1_132' title='bbox 1127 1785 1195 1826; x_wconf 90' lang='lat' dir='ltr'><strong>esse</strong></span> <span class='ocrx_word' id='word_1_133' title='bbox 1217 1768 1373 1826; x_wconf 80' lang='lat' dir='ltr'><strong>existime-</strong></span> 
     </span>
     <span class='ocr_line' id='line_1_16' title="bbox 228 1864 1372 1946; baseline 0.001 -20"><span class='ocrx_word' id='word_1_134' title='bbox 228 1864 317 1926; x_wconf 82' lang='lat' dir='ltr'><strong>mus?</strong></span> <span class='ocrx_word' id='word_1_135' title='bbox 360 1867 400 1925; x_wconf 90' lang='lat' dir='ltr'><strong>Et</strong></span> <span class='ocrx_word' id='word_1_136' title='bbox 429 1875 532 1944; x_wconf 88' lang='lat' dir='ltr'><strong>potest</strong></span> <span class='ocrx_word' id='word_1_137' title='bbox 561 1867 626 1925; x_wconf 87' lang='lat' dir='ltr'><strong>sine</strong></span> <span class='ocrx_word' id='word_1_138' title='bbox 654 1866 832 1926; x_wconf 87' lang='lat' dir='ltr'><strong>difficultate</strong></span> <span class='ocrx_word' id='word_1_139' title='bbox 863 1867 906 1926; x_wconf 91' lang='lat' dir='ltr'><strong>sic</strong></span> <span class='ocrx_word' id='word_1_140' title='bbox 936 1868 1090 1944; x_wconf 83' lang='lat' dir='ltr'><strong>Apollonii</strong></span> <span class='ocrx_word' id='word_1_141' title='bbox 1121 1887 1245 1946; x_wconf 91' lang='lat' dir='ltr'><strong>quoque</strong></span> <span class='ocrx_word' id='word_1_142' title='bbox 1267 1887 1372 1930; x_wconf 89' lang='lat' dir='ltr'><strong>versus</strong></span> 
     </span>
     <span class='ocr_line' id='line_1_17' title="bbox 230 1967 1373 2044; baseline 0.003 -18"><span class='ocrx_word' id='word_1_143' title='bbox 230 1968 364 2044; x_wconf 83' lang='lat' dir='ltr'><strong>intellegi</strong></span> <span class='ocrx_word' id='word_1_144' title='bbox 387 1977 419 2027; x_wconf 89' lang='lat' dir='ltr'><strong>et</strong></span> <span class='ocrx_word' id='word_1_145' title='bbox 440 1969 611 2028; x_wconf 88' lang='lat' dir='ltr'><strong>intellectus</strong></span> <span class='ocrx_word' id='word_1_146' title='bbox 636 1977 721 2028; x_wconf 86' lang='lat' dir='ltr'><strong>esta</strong></span> <span class='ocrx_word' id='word_1_147' title='bbox 742 1967 909 2029; x_wconf 84' lang='lat' dir='ltr'><strong>scholiasta</strong></span> <span class='ocrx_word' id='word_1_148' title='bbox 931 1971 972 2028; x_wconf 90' lang='lat' dir='ltr'><strong>ad</strong></span> <span class='ocrx_word' id='word_1_149' title='bbox 994 1989 1020 2028; x_wconf 87' lang='lat' dir='ltr'><strong>V.</strong></span> <span class='ocrx_word' id='word_1_150' title='bbox 1046 1971 1136 2030; x_wconf 84' lang='lat'><strong>1131.</strong></span> <span class='ocrx_word' id='word_1_151' title='bbox 1187 1968 1277 2043; x_wconf 90' lang='lat' dir='ltr'><strong>Quae</strong></span> <span class='ocrx_word' id='word_1_152' title='bbox 1298 1989 1373 2030; x_wconf 87' lang='lat' dir='ltr'><strong>vero</strong></span> 
     </span>
     <span class='ocr_line' id='line_1_18' title="bbox 227 2069 1373 2147; baseline 0.002 -19"><span class='ocrx_word' id='word_1_153' title='bbox 227 2071 260 2128; x_wconf 90' lang='lat' dir='ltr'><strong>in</strong></span> <span class='ocrx_word' id='word_1_154' title='bbox 281 2069 395 2129; x_wconf 89' lang='lat' dir='ltr'><strong>scholio</strong></span> <span class='ocrx_word' id='word_1_155' title='bbox 419 2078 490 2145; x_wconf 86' lang='lat' dir='ltr'><strong>post</strong></span> <span class='ocrx_word' id='word_1_156' title='bbox 511 2069 701 2129; x_wconf 88' lang='lat' dir='ltr'><strong>Stesimbroti</strong></span> <span class='ocrx_word' id='word_1_157' title='bbox 721 2086 836 2128; x_wconf 87' lang='lat' dir='ltr'><strong>nomen</strong></span> <span class='ocrx_word' id='word_1_158' title='bbox 858 2079 1025 2147; x_wconf 90' lang='lat' dir='ltr'><strong>sequuntur</strong></span> <span class='ocrx_word' id='word_1_159' title='bbox 1040 2072 1223 2146; x_wconf 89' lang='lat' dir='ltr'><strong>pertinentia</strong></span> <span class='ocrx_word' id='word_1_160' title='bbox 1237 2073 1279 2129; x_wconf 91' lang='lat' dir='ltr'><strong>ad</strong></span> <span class='ocrx_word' id='word_1_161' title='bbox 1292 2073 1373 2130; x_wconf 89' lang='lat' dir='ltr'><strong>veri·</strong></span> 
     </span>
     <span class='ocr_line' id='line_1_19' title="bbox 230 2166 1373 2250; baseline 0.002 -19"><span class='ocrx_word' id='word_1_162' title='bbox 230 2173 367 2248; x_wconf 90' lang='lat' dir='ltr'><strong>loquium</strong></span> <span class='ocrx_word' id='word_1_163' title='bbox 388 2173 472 2230; x_wconf 88' lang='lat' dir='ltr'><strong>vocis</strong></span> <span class='ocrx_word' id='word_1_164' title='bbox 495 2166 659 2232; x_wconf 81' lang='grc' dir='ltr'>Δάκτυλοι</span> <span class='ocrx_word' id='word_1_165' title='bbox 681 2188 700 2229; x_wconf 87' lang='lat' dir='ltr'><strong>a</strong></span> <span class='ocrx_word' id='word_1_166' title='bbox 721 2172 823 2246; x_wconf 87' lang='lat' dir='ltr'><strong>digitis</strong></span> <span class='ocrx_word' id='word_1_167' title='bbox 844 2172 981 2244; x_wconf 86' lang='lat' dir='ltr'><strong>derivati,</strong></span> <span class='ocrx_word' id='word_1_168' title='bbox 1014 2191 1069 2248; x_wconf 85' lang='lat' dir='ltr'><strong>per</strong></span> <span class='ocrx_word' id='word_1_169' title='bbox 1093 2190 1169 2248; x_wconf 89' lang='lat' dir='ltr'><strong>quos</strong></span> <span class='ocrx_word' id='word_1_170' title='bbox 1193 2173 1289 2250; x_wconf 89' lang='lat' dir='ltr'><strong>pulvis</strong></span> <span class='ocrx_word' id='word_1_171' title='bbox 1310 2176 1373 2233; x_wconf 88' lang='lat' dir='ltr'><strong>iac·</strong></span> 
     </span>
     <span class='ocr_line' id='line_1_20' title="bbox 228 2272 1373 2352; baseline 0.002 -20"><span class='ocrx_word' id='word_1_172' title='bbox 228 2277 355 2346; x_wconf 85' lang='lat' dir='ltr'><strong>tabatur,</strong></span> <span class='ocrx_word' id='word_1_173' title='bbox 389 2290 451 2332; x_wconf 92' lang='lat' dir='ltr'><strong>non</strong></span> <span class='ocrx_word' id='word_1_174' title='bbox 484 2274 545 2332; x_wconf 86' lang='lat' dir='ltr'><strong>iam</strong></span> <span class='ocrx_word' id='word_1_175' title='bbox 565 2272 729 2331; x_wconf 85' lang='lat' dir='ltr'><strong>reserenda</strong></span> <span class='ocrx_word' id='word_1_176' title='bbox 763 2282 833 2332; x_wconf 90' lang='lat' dir='ltr'><strong>sunt</strong></span> <span class='ocrx_word' id='word_1_177' title='bbox 855 2275 896 2331; x_wconf 89' lang='lat' dir='ltr'><strong>ad</strong></span> <span class='ocrx_word' id='word_1_178' title='bbox 916 2275 1144 2350; x_wconf 85' lang='lat' dir='ltr'><strong>praecedentia,</strong></span> <span class='ocrx_word' id='word_1_179' title='bbox 1180 2277 1266 2352; x_wconf 86' lang='lat' dir='ltr'><strong>quod</strong></span> <span class='ocrx_word' id='word_1_180' title='bbox 1287 2285 1373 2334; x_wconf 86' lang='lat' dir='ltr'><strong>recte</strong></span> 
     </span>
     <span class='ocr_line' id='line_1_21' title="bbox 228 2373 1373 2452; baseline 0 -17"><span class='ocrx_word' id='word_1_181' title='bbox 228 2377 304 2435; x_wconf 92' lang='lat' dir='ltr'><strong>vidit</strong></span> <span class='ocrx_word' id='word_1_182' title='bbox 323 2373 460 2444; x_wconf 72' lang='lat' dir='ltr'><strong>Kailios,</strong></span> <span class='ocrx_word' id='word_1_183' title='bbox 472 2377 522 2452; x_wconf 88' lang='lat' dir='ltr'><strong>qui</strong></span> <span class='ocrx_word' id='word_1_184' title='bbox 545 2381 617 2434; x_wconf 90' lang='lat' dir='ltr'><strong>ante</strong></span> <span class='ocrx_word' id='word_1_185' title='bbox 639 2375 716 2434; x_wconf 84' lang='lat' dir='ltr'><strong>haec</strong></span> <span class='ocrx_word' id='word_1_186' title='bbox 731 2377 870 2442; x_wconf 88' lang='lat' dir='ltr'><strong>lacunam</strong></span> <span class='ocrx_word' id='word_1_187' title='bbox 885 2376 1002 2436; x_wconf 79' lang='lat' dir='ltr'><strong>statuit</strong></span> <span class='ocrx_word' id='word_1_188' title='bbox 1045 2375 1085 2434; x_wconf 89' lang='lat' dir='ltr'><strong>Et</strong></span> <span class='ocrx_word' id='word_1_189' title='bbox 1099 2393 1181 2452; x_wconf 89' lang='lat' dir='ltr'><strong>quae</strong></span> <span class='ocrx_word' id='word_1_190' title='bbox 1195 2393 1286 2452; x_wconf 90' lang='lat' dir='ltr'><strong>supra</strong></span> <span class='ocrx_word' id='word_1_191' title='bbox 1305 2395 1373 2435; x_wconf 83' lang='lat' dir='ltr'><strong>sus·</strong></span> 
     </span>
     <span class='ocr_line' id='line_1_22' title="bbox 227 2477 1371 2556; baseline 0.001 -20"><span class='ocrx_word' id='word_1_192' title='bbox 227 2478 320 2554; x_wconf 83' lang='lat' dir='ltr'><strong>picati</strong></span> <span class='ocrx_word' id='word_1_193' title='bbox 342 2495 445 2536; x_wconf 90' lang='lat' dir='ltr'><strong>sumus</strong></span> <span class='ocrx_word' id='word_1_194' title='bbox 467 2479 507 2536; x_wconf 90' lang='lat' dir='ltr'><strong>de</strong></span> <span class='ocrx_word' id='word_1_195' title='bbox 522 2477 714 2536; x_wconf 85' lang='lat' dir='ltr'><strong>Stesirnbroti</strong></span> <span class='ocrx_word' id='word_1_196' title='bbox 735 2478 919 2551; x_wconf 84' lang='lat' dir='ltr'><strong>narratione,</strong></span> <span class='ocrx_word' id='word_1_197' title='bbox 942 2477 1159 2538; x_wconf 87' lang='lat' dir='ltr'><strong>confirmantur</strong></span> <span class='ocrx_word' id='word_1_198' title='bbox 1178 2497 1217 2536; x_wconf 92' lang='lat' dir='ltr'><strong>eo</strong></span> <span class='ocrx_word' id='word_1_199' title='bbox 1234 2496 1371 2556; x_wconf 89' lang='lat' dir='ltr'><strong>quoque,</strong></span> 
     </span>
     <span class='ocr_line' id='line_1_23' title="bbox 227 2573 1371 2656; baseline 0 -18"><span class='ocrx_word' id='word_1_200' title='bbox 227 2580 310 2654; x_wconf 84' lang='lat' dir='ltr'><strong>quod</strong></span> <span class='ocrx_word' id='word_1_201' title='bbox 332 2579 363 2636; x_wconf 85' lang='lat' dir='ltr'><strong>in</strong></span> <span class='ocrx_word' id='word_1_202' title='bbox 385 2577 500 2637; x_wconf 90' lang='lat' dir='ltr'><strong>scholio</strong></span> <span class='ocrx_word' id='word_1_203' title='bbox 527 2577 652 2638; x_wconf 85' lang='lat' dir='ltr'><strong>dicitur:</strong></span> <span class='ocrx_word' id='word_1_204' title='bbox 675 2573 725 2638; x_wconf 84' lang='grc' dir='ltr'>ὅτι</span> <span class='ocrx_word' id='word_1_205' title='bbox 747 2575 783 2639; x_wconf 82' lang='grc' dir='ltr'>δὲ</span> <span class='ocrx_word' id='word_1_206' title='bbox 805 2575 915 2654; x_wconf 82' lang='grc' dir='ltr'>νύμφη</span> <span class='ocrx_word' id='word_1_207' title='bbox 937 2595 1002 2654; x_wconf 86' lang='grc' dir='ltr'><strong>τις</strong></span> <span class='ocrx_word' id='word_1_208' title='bbox 1017 2578 1093 2654; x_wconf 81' lang='grc' dir='ltr'>κτλ,</span> <span class='ocrx_word' id='word_1_209' title='bbox 1114 2580 1259 2654; x_wconf 86' lang='lat' dir='ltr'><strong>quoniam</strong></span> <span class='ocrx_word' id='word_1_210' title='bbox 1273 2581 1371 2656; x_wconf 74' lang='lat' dir='ltr'><strong>Apol·</strong></span> 
     </span>
     <span class='ocr_line' id='line_1_24' title="bbox 225 2679 1371 2758; baseline 0.001 -20"><span class='ocrx_word' id='word_1_211' title='bbox 225 2679 326 2740; x_wconf 87' lang='lat' dir='ltr'><strong>ionius</strong></span> <span class='ocrx_word' id='word_1_212' title='bbox 348 2688 379 2740; x_wconf 90' lang='lat' dir='ltr'><strong>et</strong></span> <span class='ocrx_word' id='word_1_213' title='bbox 400 2679 616 2738; x_wconf 87' lang='lat' dir='ltr'><strong>Stesimbrotus</strong></span> <span class='ocrx_word' id='word_1_214' title='bbox 637 2696 701 2736; x_wconf 88' lang='lat' dir='ltr'><strong>non</strong></span> <span class='ocrx_word' id='word_1_215' title='bbox 725 2679 808 2738; x_wconf 89' lang='lat' dir='ltr'><strong>idern</strong></span> <span class='ocrx_word' id='word_1_216' title='bbox 829 2697 944 2737; x_wconf 90' lang='lat' dir='ltr'><strong>nomen</strong></span> <span class='ocrx_word' id='word_1_217' title='bbox 963 2679 1115 2756; x_wconf 89' lang='lat' dir='ltr'><strong>nymphae</strong></span> <span class='ocrx_word' id='word_1_218' title='bbox 1148 2681 1224 2740; x_wconf 91' lang='lat' dir='ltr'><strong>illius</strong></span> <span class='ocrx_word' id='word_1_219' title='bbox 1244 2681 1371 2758; x_wconf 85' lang='lat' dir='ltr'><strong>habent,</strong></span> 
     </span>
     <span class='ocr_line' id='line_1_25' title="bbox 226 2776 1373 2858; baseline 0.002 -17"><span class='ocrx_word' id='word_1_220' title='bbox 226 2800 293 2841; x_wconf 89' lang='lat' dir='ltr'><strong>cum</strong></span> <span class='ocrx_word' id='word_1_221' title='bbox 321 2782 370 2842; x_wconf 91' lang='lat' dir='ltr'><strong>hic</strong></span> <span class='ocrx_word' id='word_1_222' title='bbox 392 2781 560 2840; x_wconf 87' lang='lat' dir='ltr'><strong>secundum</strong></span> <span class='ocrx_word' id='word_1_223' title='bbox 583 2781 631 2841; x_wconf 91' lang='lat' dir='ltr'><strong>Et.</strong></span> <span class='ocrx_word' id='word_1_224' title='bbox 655 2781 696 2842; x_wconf 92' lang='lat' dir='ltr'><strong>M.</strong></span> <span class='ocrx_word' id='word_1_225' title='bbox 718 2776 811 2856; x_wconf 89' lang='grc' dir='ltr'>Ἴδην,</span> <span class='ocrx_word' id='word_1_226' title='bbox 846 2782 895 2840; x_wconf 92' lang='lat' dir='ltr'><strong>ille</strong></span> <span class='ocrx_word' id='word_1_227' title='bbox 915 2777 1091 2858; x_wconf 78' lang='grc' dir='ltr'>Ἀγχιάλην</span> <span class='ocrx_word' id='word_1_228' title='bbox 1118 2799 1188 2842; x_wconf 91' lang='lat' dir='ltr'><strong>earn</strong></span> <span class='ocrx_word' id='word_1_229' title='bbox 1210 2783 1373 2843; x_wconf 85' lang='lat' dir='ltr'><strong>vocaverit.</strong></span> 
     </span>
     <span class='ocr_line' id='line_1_26' title="bbox 228 2882 1372 2962; baseline 0 -20"><span class='ocrx_word' id='word_1_230' title='bbox 228 2885 337 2962; x_wconf 83' lang='lat' dir='ltr'><strong>Itaque</strong></span> <span class='ocrx_word' id='word_1_231' title='bbox 360 2884 404 2942; x_wconf 87' lang='lat' dir='ltr'><strong>sic</strong></span> <span class='ocrx_word' id='word_1_232' title='bbox 426 2884 489 2942; x_wconf 85' lang='lat' dir='ltr'><strong>iere</strong></span> <span class='ocrx_word' id='word_1_233' title='bbox 508 2883 645 2941; x_wconf 84' lang='lat' dir='ltr'><strong>scholion</strong></span> <span class='ocrx_word' id='word_1_234' title='bbox 666 2890 804 2942; x_wconf 88' lang='lat' dir='ltr'><strong>nostrum</strong></span> <span class='ocrx_word' id='word_1_235' title='bbox 819 2901 856 2942; x_wconf 84' lang='lat' dir='ltr'><strong>ex</strong></span> <span class='ocrx_word' id='word_1_236' title='bbox 868 2883 916 2942; x_wconf 90' lang='lat' dir='ltr'><strong>Et.</strong></span> <span class='ocrx_word' id='word_1_237' title='bbox 930 2882 970 2944; x_wconf 87' lang='lat' dir='ltr'><strong>M.</strong></span> <span class='ocrx_word' id='word_1_238' title='bbox 983 2892 1016 2940; x_wconf 91' lang='lat' dir='ltr'><strong>et</strong></span> <span class='ocrx_word' id='word_1_239' title='bbox 1031 2883 1139 2941; x_wconf 87' lang='lat' dir='ltr'><strong>scholii</strong></span> <span class='ocrx_word' id='word_1_240' title='bbox 1162 2883 1256 2960; x_wconf 89' lang='lat' dir='ltr'><strong>ipsius</strong></span> <span class='ocrx_word' id='word_1_241' title='bbox 1277 2883 1372 2960; x_wconf 87' lang='lat' dir='ltr'><strong>signi·</strong></span> 
     </span>
     <span class='ocr_line' id='line_1_27' title="bbox 227 2978 1375 3060; baseline -0.001 -15"><span class='ocrx_word' id='word_1_242' title='bbox 227 2985 419 3045; x_wconf 86' lang='lat' dir='ltr'><strong>ficationibus</strong></span> <span class='ocrx_word' id='word_1_243' title='bbox 442 2984 638 3043; x_wconf 88' lang='lat' dir='ltr'><strong>restituerim:</strong></span> <span class='ocrx_word' id='word_1_244' title='bbox 661 2979 732 3044; x_wconf 86' lang='grc' dir='ltr'><strong>Ὅτι</strong></span> <span class='ocrx_word' id='word_1_245' title='bbox 752 2981 788 3044; x_wconf 82' lang='grc' dir='ltr'>δὲ</span> <span class='ocrx_word' id='word_1_246' title='bbox 811 2979 919 3059; x_wconf 88' lang='grc' dir='ltr'>νύμφη</span> <span class='ocrx_word' id='word_1_247' title='bbox 943 2999 990 3059; x_wconf 90' lang='grc' dir='ltr'><strong>τις</strong></span> <span class='ocrx_word' id='word_1_248' title='bbox 1005 2978 1155 3060; x_wconf 77' lang='grc' dir='ltr'>Οἰαξίδος</span> <span class='ocrx_word' id='word_1_249' title='bbox 1175 2985 1235 3059; x_wconf 78' lang='grc' dir='ltr'><strong>γῆς</strong></span> <span class='ocrx_word' id='word_1_250' title='bbox 1258 2985 1375 3060; x_wconf 81' lang='grc' dir='ltr'>δραξα-</span> 
     </span>
     <span class='ocr_line' id='line_1_28' title="bbox 228 3069 1375 3164; baseline -0.003 -17"><span class='ocrx_word' id='word_1_251' title='bbox 228 3082 305 3164; x_wconf 87' lang='grc' dir='ltr'>μένη</span> <span class='ocrx_word' id='word_1_252' title='bbox 327 3083 406 3162; x_wconf 89' lang='grc' dir='ltr'>τοὺς</span> <span class='ocrx_word' id='word_1_253' title='bbox 421 3081 643 3161; x_wconf 85' lang='grc' dir='ltr'>καλουμένους</span> <span class='ocrx_word' id='word_1_254' title='bbox 659 3069 793 3160; x_wconf 86' lang='grc' dir='ltr'>Ἰδαίους</span> <span class='ocrx_word' id='word_1_255' title='bbox 810 3081 1003 3160; x_wconf 87' lang='grc' dir='ltr'>Δακτύλους</span> <span class='ocrx_word' id='word_1_256' title='bbox 1020 3079 1154 3159; x_wconf 83' lang='grc' dir='ltr'>ἐποίησε</span> <span class='ocrx_word' id='word_1_257' title='bbox 1170 3081 1264 3162; x_wconf 88' lang='lat' dir='ltr'><strong>(quae</strong></span> <span class='ocrx_word' id='word_1_258' title='bbox 1279 3089 1375 3144; x_wconf 85' lang='lat' dir='ltr'><strong>verba</strong></span> 
     </span>
     <span class='ocr_line' id='line_1_29' title="bbox 227 3181 1374 3265; baseline 0.002 -19"><span class='ocrx_word' id='word_1_259' title='bbox 227 3189 381 3265; x_wconf 83' lang='lat' dir='ltr'><strong>Apollonii</strong></span> <span class='ocrx_word' id='word_1_260' title='bbox 403 3203 507 3246; x_wconf 83' lang='lat' dir='ltr'><strong>versus</strong></span> <span class='ocrx_word' id='word_1_261' title='bbox 529 3183 746 3263; x_wconf 79' lang='lat' dir='ltr'><strong>paraphrasis),</strong></span> <span class='ocrx_word' id='word_1_262' title='bbox 769 3183 857 3262; x_wconf 82' lang='grc' dir='ltr'>παρὰ</span> <span class='ocrx_word' id='word_1_263' title='bbox 878 3182 1122 3262; x_wconf 82' lang='grc' dir='ltr'>Στησιμβρότου</span> <span class='ocrx_word' id='word_1_264' title='bbox 1145 3181 1289 3262; x_wconf 82' lang='grc' dir='ltr'>εἴληφεν,</span> <span class='ocrx_word' id='word_1_265' title='bbox 1311 3181 1374 3264; x_wconf 64' lang='lat' dir='ltr'><strong>&lt;lig</strong></span> 
     </span>
     <span class='ocr_line' id='line_1_30' title="bbox 226 3284 1374 3372; baseline -0.003 -20"><span class='ocrx_word' id='word_1_266' title='bbox 226 3287 262 3352; x_wconf 81' lang='grc' dir='ltr'><strong>ἐν</strong></span> <span class='ocrx_word' id='word_1_267' title='bbox 284 3292 330 3372; x_wconf 75' lang='grc' dir='ltr'>τῷ</span> <span class='ocrx_word' id='word_1_268' title='bbox 353 3286 427 3364; x_wconf 80' lang='grc' dir='ltr'>περὶ</span> <span class='ocrx_word' id='word_1_269' title='bbox 449 3285 600 3351; x_wconf 80' lang='grc' dir='ltr'>Τελετῶν</span> <span class='ocrx_word' id='word_1_270' title='bbox 616 3285 700 3364; x_wconf 86' lang='grc' dir='ltr'>Διός</span> <span class='ocrx_word' id='word_1_271' title='bbox 722 3284 775 3348; x_wconf 84' lang='grc' dir='ltr'><strong>καὶ</strong></span> <span class='ocrx_word' id='word_1_272' title='bbox 789 3284 873 3362; x_wconf 85' lang='grc' dir='ltr'>Ἴδης</span> <span class='ocrx_word' id='word_1_273' title='bbox 897 3284 1025 3364; x_wconf 87' lang='grc' dir='ltr'>νύμφης</span> <span class='ocrx_word' id='word_1_274' title='bbox 1046 3284 1274 3364; x_wconf 80' lang='grc' dir='ltr'>αύτούςλέγει</span> <span class='ocrx_word' id='word_1_275' title='bbox 1290 3334 1297 3348; x_wconf 95' lang='grc'><strong>.</strong></span> <span class='ocrx_word' id='word_1_276' title='bbox 1316 3334 1322 3348; x_wconf 93' lang='grc'><strong>.</strong></span> <span class='ocrx_word' id='word_1_277' title='bbox 1340 3333 1374 3348; x_wconf 88' lang='grc'><strong>..</strong></span> 
     </span>
     <span class='ocr_line' id='line_1_31' title="bbox 226 3375 1375 3466; baseline -0.002 -16"><span class='ocrx_word' id='word_1_278' title='bbox 226 3391 354 3466; x_wconf 79' lang='lat' dir='ltr'><strong>(excidit</strong></span> <span class='ocrx_word' id='word_1_279' title='bbox 375 3385 495 3448; x_wconf 82' lang='lat' dir='ltr'><strong>nomen</strong></span> <span class='ocrx_word' id='word_1_280' title='bbox 510 3391 644 3447; x_wconf 86' lang='lat' dir='ltr'><strong>auctoris</strong></span> <span class='ocrx_word' id='word_1_281' title='bbox 667 3399 698 3446; x_wconf 88' lang='lat' dir='ltr'><strong>et</strong></span> <span class='ocrx_word' id='word_1_282' title='bbox 720 3385 769 3464; x_wconf 75' lang='lat' dir='ltr'><strong>Ml</strong></span> <span class='ocrx_word' id='word_1_283' title='bbox 794 3399 905 3464; x_wconf 89' lang='grc' dir='ltr'>φησιν,</span> <span class='ocrx_word' id='word_1_284' title='bbox 941 3384 990 3448; x_wconf 86' lang='grc' dir='ltr'>ὅτι</span> <span class='ocrx_word' id='word_1_285' title='bbox 1012 3382 1097 3464; x_wconf 90' lang='grc' dir='ltr'>Ζεὺς</span> <span class='ocrx_word' id='word_1_286' title='bbox 1129 3385 1279 3450; x_wconf 82' lang='grc' dir='ltr'>ἐκέλευσε</span> <span class='ocrx_word' id='word_1_287' title='bbox 1295 3375 1375 3464; x_wconf 72' lang='grc' dir='ltr'>’τὰς</span> 
     </span>
     <span class='ocr_line' id='line_1_32' title="bbox 227 3485 1375 3568; baseline -0.005 -14"><span class='ocrx_word' id='word_1_288' title='bbox 227 3488 310 3568; x_wconf 83' lang='grc' dir='ltr'>ἰδίας</span> <span class='ocrx_word' id='word_1_289' title='bbox 331 3488 460 3567; x_wconf 90' lang='grc' dir='ltr'>τροφὰς</span> <span class='ocrx_word' id='word_1_290' title='bbox 483 3489 595 3568; x_wconf 81' lang='grc' dir='ltr'>λαβεῖν</span> <span class='ocrx_word' id='word_1_291' title='bbox 615 3485 704 3552; x_wconf 88' lang='grc' dir='ltr'>κόνιν</span> <span class='ocrx_word' id='word_1_292' title='bbox 726 3486 779 3550; x_wconf 83' lang='grc' dir='ltr'><strong>καί</strong></span> <span class='ocrx_word' id='word_1_293' title='bbox 800 3486 892 3566; x_wconf 86' lang='grc' dir='ltr'>ῥίψαι</span> <span class='ocrx_word' id='word_1_294' title='bbox 913 3485 961 3566; x_wconf 87' lang='grc' dir='ltr'><strong>εἰς</strong></span> <span class='ocrx_word' id='word_1_295' title='bbox 983 3485 1147 3550; x_wconf 84' lang='grc' dir='ltr'>τούπίσω·</span> <span class='ocrx_word' id='word_1_296' title='bbox 1186 3485 1238 3549; x_wconf 88' lang='grc' dir='ltr'><strong>καὶ</strong></span> <span class='ocrx_word' id='word_1_297' title='bbox 1260 3485 1295 3549; x_wconf 82' lang='grc' dir='ltr'><strong>ἐκ</strong></span> <span class='ocrx_word' id='word_1_298' title='bbox 1313 3488 1375 3564; x_wconf 85' lang='grc' dir='ltr'><strong>τῆς</strong></span> 
     </span>
     <span class='ocr_line' id='line_1_33' title="bbox 227 3586 1375 3668; baseline 0 -14"><span class='ocrx_word' id='word_1_299' title='bbox 227 3590 352 3668; x_wconf 85' lang='grc' dir='ltr'>κόνεως</span> <span class='ocrx_word' id='word_1_300' title='bbox 375 3589 527 3664; x_wconf 81' lang='grc' dir='ltr'>γενέσθαι</span> <span class='ocrx_word' id='word_1_301' title='bbox 549 3588 627 3666; x_wconf 83' lang='grc' dir='ltr'>τοὺς</span> <span class='ocrx_word' id='word_1_302' title='bbox 643 3586 784 3667; x_wconf 86' lang='grc' dir='ltr'>Ἰδαίους</span> <span class='ocrx_word' id='word_1_303' title='bbox 806 3586 1013 3666; x_wconf 90' lang='grc' dir='ltr'>Δακτύλους·</span> <span class='ocrx_word' id='word_1_304' title='bbox 1036 3586 1087 3651; x_wconf 88' lang='grc' dir='ltr'>ότι</span> <span class='ocrx_word' id='word_1_305' title='bbox 1110 3588 1147 3652; x_wconf 80' lang='grc' dir='ltr'>δὲ</span> <span class='ocrx_word' id='word_1_306' title='bbox 1169 3587 1188 3665; x_wconf 93' lang='grc' dir='ltr'><strong>ἡ</strong></span> <span class='ocrx_word' id='word_1_307' title='bbox 1211 3586 1309 3667; x_wconf 85' lang='grc' dir='ltr'>κόνις,</span> <span class='ocrx_word' id='word_1_308' title='bbox 1332 3589 1375 3667; x_wconf 82' lang='grc' dir='ltr'><strong>ἣν</strong></span> 
     </span>
     <span class='ocr_line' id='line_1_34' title="bbox 228 3691 1376 3772; baseline -0.006 -15"><span class='ocrx_word' id='word_1_309' title='bbox 228 3691 365 3772; x_wconf 79' lang='grc' dir='ltr'>ἔρριψαν</span> <span class='ocrx_word' id='word_1_310' title='bbox 388 3691 445 3767; x_wconf 87' lang='lat' dir='ltr'><strong>(sic</strong></span> <span class='ocrx_word' id='word_1_311' title='bbox 461 3695 553 3752; x_wconf 87' lang='lat' dir='ltr'><strong>etiam</strong></span> <span class='ocrx_word' id='word_1_312' title='bbox 568 3694 752 3770; x_wconf 85' lang='lat' dir='ltr'><strong>intellegitur</strong></span> <span class='ocrx_word' id='word_1_313' title='bbox 774 3693 944 3751; x_wconf 88' lang='lat' dir='ltr'><strong>subiectum</strong></span> <span class='ocrx_word' id='word_1_314' title='bbox 965 3693 1059 3751; x_wconf 85' lang='lat' dir='ltr'><strong>desse</strong></span> <span class='ocrx_word' id='word_1_315' title='bbox 1081 3693 1113 3749; x_wconf 90' lang='lat' dir='ltr'><strong>in</strong></span> <span class='ocrx_word' id='word_1_316' title='bbox 1134 3693 1184 3750; x_wconf 92' lang='lat' dir='ltr'><strong>Et.</strong></span> <span class='ocrx_word' id='word_1_317' title='bbox 1207 3693 1257 3767; x_wconf 80' lang='lat' dir='ltr'><strong>M,</strong></span> <span class='ocrx_word' id='word_1_318' title='bbox 1286 3696 1376 3767; x_wconf 90' lang='lat' dir='ltr'><strong>quod</strong></span> 
     </span>
     <span class='ocr_line' id='line_1_35' title="bbox 228 3781 1376 3872; baseline 0.003 -19"><span class='ocrx_word' id='word_1_319' title='bbox 228 3798 309 3872; x_wconf 87' lang='lat' dir='ltr'><strong>prius</strong></span> <span class='ocrx_word' id='word_1_320' title='bbox 333 3794 527 3854; x_wconf 87' lang='lat' dir='ltr'><strong>difficultates</strong></span> <span class='ocrx_word' id='word_1_321' title='bbox 542 3791 687 3871; x_wconf 79' lang='lat' dir='ltr'><strong>paravit),</strong></span> <span class='ocrx_word' id='word_1_322' title='bbox 711 3787 744 3855; x_wconf 77' lang='grc' dir='ltr'><strong>ἐξ</strong></span> <span class='ocrx_word' id='word_1_323' title='bbox 766 3788 851 3869; x_wconf 85' lang='grc' dir='ltr'>Ἴδης</span> <span class='ocrx_word' id='word_1_324' title='bbox 873 3794 932 3856; x_wconf 81' lang='grc' dir='ltr'>τού</span> <span class='ocrx_word' id='word_1_325' title='bbox 947 3789 1048 3869; x_wconf 86' lang='grc' dir='ltr'>ὄρους</span> <span class='ocrx_word' id='word_1_326' title='bbox 1064 3787 1114 3870; x_wconf 78' lang='grc' dir='ltr'><strong>ἦν,</strong></span> <span class='ocrx_word' id='word_1_327' title='bbox 1137 3781 1297 3870; x_wconf 80' lang='grc' dir='ltr'>Ἰδαίους),</span> <span class='ocrx_word' id='word_1_328' title='bbox 1320 3793 1376 3856; x_wconf 81' lang='grc' dir='ltr'><strong>καὶ</strong></span> 
     </span>
     <span class='ocr_line' id='line_1_36' title="bbox 229 3889 1377 3973; baseline -0.003 -15"><span class='ocrx_word' id='word_1_329' title='bbox 229 3893 279 3958; x_wconf 89' lang='grc' dir='ltr'>ότι</span> <span class='ocrx_word' id='word_1_330' title='bbox 301 3895 353 3958; x_wconf 90' lang='grc' dir='ltr'>διὰ</span> <span class='ocrx_word' id='word_1_331' title='bbox 375 3898 441 3958; x_wconf 84' lang='grc' dir='ltr'>τιδν</span> <span class='ocrx_word' id='word_1_332' title='bbox 459 3895 575 3973; x_wconf 80' lang='grc' dir='ltr'>χειρῶν</span> <span class='ocrx_word' id='word_1_333' title='bbox 592 3892 805 3972; x_wconf 81' lang='grc' dir='ltr'>διερρίφησαν</span> <span class='ocrx_word' id='word_1_334' title='bbox 820 3889 879 3973; x_wconf 86' lang='lat' dir='ltr'><strong>(sie</strong></span> <span class='ocrx_word' id='word_1_335' title='bbox 900 3896 969 3971; x_wconf 84' lang='lat' dir='ltr'><strong>lego</strong></span> <span class='ocrx_word' id='word_1_336' title='bbox 991 3913 1046 3970; x_wconf 86' lang='lat' dir='ltr'><strong>pro</strong></span> <span class='ocrx_word' id='word_1_337' title='bbox 1060 3890 1281 3970; x_wconf 87' lang='grc' dir='ltr'>διερρύησαν),</span> <span class='ocrx_word' id='word_1_338' title='bbox 1305 3890 1377 3955; x_wconf 92' lang='grc' dir='ltr'><strong>Δα-</strong></span> 
     </span>
     <span class='ocr_line' id='line_1_37' title="bbox 230 3995 551 4074; baseline -0.003 -15"><span class='ocrx_word' id='word_1_339' title='bbox 230 3995 365 4074; x_wconf 92' lang='grc' dir='ltr'>κτύλους</span> <span class='ocrx_word' id='word_1_340' title='bbox 388 3997 551 4074; x_wconf 87' lang='grc' dir='ltr'>κληθῆναι.</span> 
     </span>
    </p>

    <p class='ocr_par' dir='ltr' id='par_1_3' title="bbox 228 4093 1378 4584">
     <span class='ocr_line' id='line_1_38' title="bbox 329 4093 1378 4175; baseline 0 -17"><span class='ocrx_word' id='word_1_341' title='bbox 329 4100 379 4159; x_wconf 85' lang='grc' dir='ltr'><strong>Ει.</strong></span> <span class='ocrx_word' id='word_1_342' title='bbox 401 4099 444 4159; x_wconf 89' lang='lat' dir='ltr'><strong>M.</strong></span> <span class='ocrx_word' id='word_1_343' title='bbox 468 4101 538 4166; x_wconf 85' lang='grc'><strong>326,</strong></span> <span class='ocrx_word' id='word_1_344' title='bbox 563 4100 601 4156; x_wconf 83' lang='grc'><strong>22</strong></span> <span class='ocrx_word' id='word_1_345' title='bbox 625 4117 652 4156; x_wconf 89' lang='lat' dir='ltr'><strong>v.</strong></span> <span class='ocrx_word' id='word_1_346' title='bbox 675 4093 865 4174; x_wconf 72' lang='grc' dir='ltr'>ἑλεσπίδαςι</span> <span class='ocrx_word' id='word_1_347' title='bbox 894 4099 986 4175; x_wconf 85' lang='lat' dir='ltr'><strong>paulo</strong></span> <span class='ocrx_word' id='word_1_348' title='bbox 1007 4096 1126 4175; x_wconf 87' lang='lat' dir='ltr'><strong>plenior</strong></span> <span class='ocrx_word' id='word_1_349' title='bbox 1146 4095 1196 4156; x_wconf 90' lang='lat' dir='ltr'><strong>hic</strong></span> <span class='ocrx_word' id='word_1_350' title='bbox 1220 4098 1304 4158; x_wconf 88' lang='lat' dir='ltr'><strong>locus</strong></span> <span class='ocrx_word' id='word_1_351' title='bbox 1325 4109 1378 4158; x_wconf 89' lang='lat' dir='ltr'><strong>est</strong></span> 
     </span>
     <span class='ocr_line' id='line_1_39' title="bbox 229 4197 1375 4279; baseline 0 -20"><span class='ocrx_word' id='word_1_352' title='bbox 229 4219 322 4279; x_wconf 89' lang='lat' dir='ltr'><strong>quam</strong></span> <span class='ocrx_word' id='word_1_353' title='bbox 345 4200 483 4259; x_wconf 91' lang='lat' dir='ltr'><strong>scholion</strong></span> <span class='ocrx_word' id='word_1_354' title='bbox 504 4200 546 4256; x_wconf 92' lang='lat' dir='ltr'><strong>ad</strong></span> <span class='ocrx_word' id='word_1_355' title='bbox 568 4199 579 4256; x_wconf 92' lang='lat' dir='ltr'><strong>l</strong></span> <span class='ocrx_word' id='word_1_356' title='bbox 607 4201 698 4276; x_wconf 85' lang='grc'>1266,</span> <span class='ocrx_word' id='word_1_357' title='bbox 720 4199 771 4275; x_wconf 89' lang='lat' dir='ltr'><strong>qui</strong></span> <span class='ocrx_word' id='word_1_358' title='bbox 794 4217 899 4257; x_wconf 87' lang='lat' dir='ltr'><strong>versus</strong></span> <span class='ocrx_word' id='word_1_359' title='bbox 921 4200 1053 4259; x_wconf 85' lang='lat' dir='ltr'><strong>adicitur</strong></span> <span class='ocrx_word' id='word_1_360' title='bbox 1073 4200 1105 4258; x_wconf 92' lang='lat' dir='ltr'><strong>in</strong></span> <span class='ocrx_word' id='word_1_361' title='bbox 1126 4199 1175 4259; x_wconf 88' lang='lat' dir='ltr'><strong>Et.</strong></span> <span class='ocrx_word' id='word_1_362' title='bbox 1197 4197 1255 4269; x_wconf 92' lang='grc' dir='ltr'><strong>Μ.;</strong></span> <span class='ocrx_word' id='word_1_363' title='bbox 1288 4201 1375 4260; x_wconf 88' lang='lat' dir='ltr'><strong>adde</strong></span> 
     </span>
     <span class='ocr_line' id='line_1_40' title="bbox 230 4296 1375 4378; baseline 0.005 -18"><span class='ocrx_word' id='word_1_364' title='bbox 230 4303 299 4362; x_wconf 90' lang='lat' dir='ltr'><strong>hinc</strong></span> <span class='ocrx_word' id='word_1_365' title='bbox 320 4311 392 4378; x_wconf 90' lang='lat' dir='ltr'><strong>post</strong></span> <span class='ocrx_word' id='word_1_366' title='bbox 426 4297 457 4362; x_wconf 88' lang='grc' dir='ltr'><strong>οί</strong></span> <span class='ocrx_word' id='word_1_367' title='bbox 491 4299 549 4376; x_wconf 77' lang='grc' dir='ltr'><strong>μὲν</strong></span> <span class='ocrx_word' id='word_1_368' title='bbox 581 4296 772 4376; x_wconf 89' lang='grc' dir='ltr'>συμφύτους</span> <span class='ocrx_word' id='word_1_369' title='bbox 806 4297 928 4377; x_wconf 89' lang='grc' dir='ltr'>τόπους</span> <span class='ocrx_word' id='word_1_370' title='bbox 952 4301 1247 4377; x_wconf 83' lang='lat' dir='ltr'><strong>interpretationem:</strong></span> <span class='ocrx_word' id='word_1_371' title='bbox 1284 4299 1316 4362; x_wconf 90' lang='lat' dir='ltr'><strong>ol</strong></span> <span class='ocrx_word' id='word_1_372' title='bbox 1336 4304 1375 4366; x_wconf 83' lang='grc' dir='ltr'>δὲ</span> 
     </span>
     <span class='ocr_line' id='line_1_41' title="bbox 228 4395 1372 4482; baseline 0.001 -18"><span class='ocrx_word' id='word_1_373' title='bbox 228 4401 307 4478; x_wconf 85' lang='grc' dir='ltr'>τοὺς</span> <span class='ocrx_word' id='word_1_374' title='bbox 322 4397 497 4480; x_wconf 85' lang='grc' dir='ltr'>&lt;ἑλιύδεις·</span> <span class='ocrx_word' id='word_1_375' title='bbox 518 4397 649 4476; x_wconf 89' lang='grc' dir='ltr'>ἄμεινον</span> <span class='ocrx_word' id='word_1_376' title='bbox 665 4395 722 4482; x_wconf 73' lang='lat' dir='ltr'><strong>ol&gt;</strong></span> <span class='ocrx_word' id='word_1_377' title='bbox 742 4399 819 4478; x_wconf 89' lang='grc' dir='ltr'>τοὺς</span> <span class='ocrx_word' id='word_1_378' title='bbox 842 4399 1007 4478; x_wconf 83' lang='grc' dir='ltr'>λεπύιδεις.</span> <span class='ocrx_word' id='word_1_379' title='bbox 1028 4435 1064 4445; x_wconf 89' lang='grc'>-</span> <span class='ocrx_word' id='word_1_380' title='bbox 1080 4403 1116 4460; x_wconf 88' lang='lat' dir='ltr'><strong>In</strong></span> <span class='ocrx_word' id='word_1_381' title='bbox 1127 4403 1174 4463; x_wconf 88' lang='lat' dir='ltr'><strong>Et.</strong></span> <span class='ocrx_word' id='word_1_382' title='bbox 1187 4401 1227 4463; x_wconf 92' lang='lat' dir='ltr'><strong>M.</strong></span> <span class='ocrx_word' id='word_1_383' title='bbox 1243 4405 1316 4473; x_wconf 85' lang='lat'><strong>680,</strong></span> <span class='ocrx_word' id='word_1_384' title='bbox 1332 4408 1372 4466; x_wconf 89' lang='grc'><strong>21</strong></span> 
     </span>
     <span class='ocr_line' id='line_1_42' title="bbox 231 4500 1375 4584; baseline 0.003 -21"><span class='ocrx_word' id='word_1_385' title='bbox 231 4525 258 4568; x_wconf 90' lang='grc' dir='ltr'><strong>ν.</strong></span> <span class='ocrx_word' id='word_1_386' title='bbox 280 4501 387 4567; x_wconf 88' lang='grc' dir='ltr'>πολιοί</span> <span class='ocrx_word' id='word_1_387' title='bbox 407 4505 569 4580; x_wconf 87' lang='lat' dir='ltr'><strong>propositis</strong></span> <span class='ocrx_word' id='word_1_388' title='bbox 592 4504 728 4563; x_wconf 88' lang='lat' dir='ltr'><strong>versibus</strong></span> <span class='ocrx_word' id='word_1_389' title='bbox 762 4507 824 4580; x_wconf 81' lang='lat' dir='ltr'><strong>Ap.</strong></span> <span class='ocrx_word' id='word_1_390' title='bbox 845 4504 875 4563; x_wconf 91' lang='lat'><strong>11</strong></span> <span class='ocrx_word' id='word_1_391' title='bbox 900 4506 957 4563; x_wconf 82' lang='lat'><strong>123</strong></span> <span class='ocrx_word' id='word_1_392' title='bbox 985 4511 1018 4564; x_wconf 88' lang='lat' dir='ltr'><strong>et</strong></span> <span class='ocrx_word' id='word_1_393' title='bbox 1042 4507 1100 4564; x_wconf 84' lang='grc'><strong>124</strong></span> <span class='ocrx_word' id='word_1_394' title='bbox 1134 4500 1228 4584; x_wconf 89' lang='lat' dir='ltr'><strong>(quos</strong></span> <span class='ocrx_word' id='word_1_395' title='bbox 1249 4507 1375 4566; x_wconf 84' lang='lat' dir='ltr'><strong>addidit</strong></span> 
     </span>
    </p>
   </div>
   <div class='ocr_carea' id='block_1_3' title="bbox 0 0 1479 4916">
    <p class='ocr_par' dir='ltr' id='par_1_4' title="bbox 0 0 1479 4916">
     <span class='ocr_line' id='line_1_43' title="bbox 0 0 1479 4916; baseline 0 0"><span class='ocrx_word' id='word_1_396' title='bbox 0 0 1479 4916; x_wconf 95' lang='lat' dir='ltr'><strong> </strong></span> 
     </span>
    </p>
   </div>
  </div>
 </body>
</html>
