<?xml version="1.0" encoding="UTF-8"?>
<!DOCTYPE html PUBLIC "-//W3C//DTD XHTML 1.0 Transitional//EN"
    "http://www.w3.org/TR/xhtml1/DTD/xhtml1-transitional.dtd">
<html xmlns="http://www.w3.org/1999/xhtml" xml:lang="en" lang="en">
 <head>
  <title>
</title>
<meta http-equiv="Content-Type" content="text/html;charset=utf-8" />
  <meta name='ocr-system' content='tesseract 3.04.00' />
  <meta name='ocr-capabilities' content='ocr_page ocr_carea ocr_par ocr_line ocrx_word'/>
</head>
<body>
  <div class='ocr_page' id='page_1' title='image "./descholiisinapo00bercgoog_0042.png"; bbox 0 0 2938 4922; ppageno 0'>
   <div class='ocr_carea' id='block_1_1' title="bbox 679 217 714 274">
    <p class='ocr_par' dir='ltr' id='par_1_1' title="bbox 679 217 714 274">
     <span class='ocr_line' id='line_1_1' title="bbox 679 217 714 274; baseline 0 0"><span class='ocrx_word' id='word_1_1' title='bbox 679 217 714 274; x_wconf 86' lang='grc'><strong>37</strong></span> 
     </span>
    </p>
   </div>
   <div class='ocr_carea' id='block_1_2' title="bbox 122 381 1265 678">
    <p class='ocr_par' dir='ltr' id='par_1_2' title="bbox 122 381 1265 678">
     <span class='ocr_line' id='line_1_2' title="bbox 123 381 1263 474; baseline -0.004 -20"><span class='ocrx_word' id='word_1_2' title='bbox 123 395 200 457; x_wconf 89' lang='lat' dir='ltr'><strong>Mill.</strong></span> <span class='ocrx_word' id='word_1_3' title='bbox 223 413 253 470; x_wconf 93' lang='lat' dir='ltr'><strong>p.</strong></span> <span class='ocrx_word' id='word_1_4' title='bbox 277 389 352 474; x_wconf 79' lang='lat'>250)</span> <span class='ocrx_word' id='word_1_5' title='bbox 375 397 521 456; x_wconf 90' lang='lat' dir='ltr'><strong>docemur</strong></span> <span class='ocrx_word' id='word_1_6' title='bbox 542 397 582 454; x_wconf 88' lang='lat' dir='ltr'><strong>de</strong></span> <span class='ocrx_word' id='word_1_7' title='bbox 596 413 677 455; x_wconf 88' lang='lat' dir='ltr'><strong>nova</strong></span> <span class='ocrx_word' id='word_1_8' title='bbox 692 395 833 455; x_wconf 90' lang='lat' dir='ltr'><strong>lectione:</strong></span> <span class='ocrx_word' id='word_1_9' title='bbox 856 389 1083 470; x_wconf 62' lang='lat' dir='ltr'><strong>reciperarunt</strong></span> <span class='ocrx_word' id='word_1_10' title='bbox 1103 381 1263 471; x_wconf 82' lang='grc' dir='ltr'>,,πελειοί“</span> 
     </span>
     <span class='ocr_line' id='line_1_3' title="bbox 122 490 1265 574; baseline -0.003 -18"><span class='ocrx_word' id='word_1_11' title='bbox 122 495 196 572; x_wconf 87' lang='lat' dir='ltr'><strong>(leg.</strong></span> <span class='ocrx_word' id='word_1_12' title='bbox 207 490 344 574; x_wconf 85' lang='grc' dir='ltr'>πελιοί);</span> <span class='ocrx_word' id='word_1_13' title='bbox 368 498 482 558; x_wconf 88' lang='lat' dir='ltr'><strong>deinde</strong></span> <span class='ocrx_word' id='word_1_14' title='bbox 498 495 637 557; x_wconf 87' lang='lat' dir='ltr'><strong>scholion</strong></span> <span class='ocrx_word' id='word_1_15' title='bbox 651 497 693 554; x_wconf 87' lang='lat' dir='ltr'><strong>ad</strong></span> <span class='ocrx_word' id='word_1_16' title='bbox 707 497 806 556; x_wconf 90' lang='lat' dir='ltr'><strong>locum</strong></span> <span class='ocrx_word' id='word_1_17' title='bbox 820 503 958 555; x_wconf 89' lang='lat' dir='ltr'><strong>nostrum</strong></span> <span class='ocrx_word' id='word_1_18' title='bbox 972 495 1156 568; x_wconf 85' lang='lat' dir='ltr'><strong>exscribitur,</strong></span> <span class='ocrx_word' id='word_1_19' title='bbox 1180 493 1265 568; x_wconf 92' lang='lat' dir='ltr'><strong>quod</strong></span> 
     </span>
     <span class='ocr_line' id='line_1_4' title="bbox 124 597 1264 678; baseline -0.005 -20"><span class='ocrx_word' id='word_1_20' title='bbox 124 599 264 678; x_wconf 88' lang='lat' dir='ltr'><strong>quamvis</strong></span> <span class='ocrx_word' id='word_1_21' title='bbox 285 597 363 658; x_wconf 88' lang='lat' dir='ltr'><strong>vitiis</strong></span> <span class='ocrx_word' id='word_1_22' title='bbox 386 597 525 658; x_wconf 76' lang='lat' dir='ltr'><strong>deforme</strong></span> <span class='ocrx_word' id='word_1_23' title='bbox 547 599 578 657; x_wconf 88' lang='lat' dir='ltr'><strong>in</strong></span> <span class='ocrx_word' id='word_1_24' title='bbox 603 598 651 659; x_wconf 89' lang='lat' dir='ltr'><strong>Et.</strong></span> <span class='ocrx_word' id='word_1_25' title='bbox 669 598 711 659; x_wconf 92' lang='lat' dir='ltr'><strong>M.</strong></span> <span class='ocrx_word' id='word_1_26' title='bbox 727 615 795 657; x_wconf 93' lang='lat' dir='ltr'><strong>curn</strong></span> <span class='ocrx_word' id='word_1_27' title='bbox 810 603 916 658; x_wconf 90' lang='lat' dir='ltr'><strong>nostro</strong></span> <span class='ocrx_word' id='word_1_28' title='bbox 939 597 1056 656; x_wconf 90' lang='lat' dir='ltr'><strong>scholio</strong></span> <span class='ocrx_word' id='word_1_29' title='bbox 1078 597 1170 674; x_wconf 90' lang='lat' dir='ltr'><strong>plane</strong></span> <span class='ocrx_word' id='word_1_30' title='bbox 1192 613 1264 654; x_wconf 91' lang='lat' dir='ltr'><strong>con·</strong></span> 
     </span>
    </p>
   </div>
   <div class='ocr_carea' id='block_1_3' title="bbox 123 698 1394 776">
    <p class='ocr_par' dir='ltr' id='par_1_3' title="bbox 123 698 1394 776">
     <span class='ocr_line' id='line_1_5' title="bbox 123 698 1394 776; baseline -0.003 -18"><span class='ocrx_word' id='word_1_31' title='bbox 123 701 217 761; x_wconf 86' lang='lat' dir='ltr'><strong>venit.</strong></span> <span class='ocrx_word' id='word_1_32' title='bbox 261 698 351 772; x_wconf 84' lang='lat' dir='ltr'>Quae</span> <span class='ocrx_word' id='word_1_33' title='bbox 374 698 511 776; x_wconf 86' lang='lat' dir='ltr'><strong>sequitur</strong></span> <span class='ocrx_word' id='word_1_34' title='bbox 535 701 745 776; x_wconf 86' lang='lat' dir='ltr'><strong>interpretatio</strong></span> <span class='ocrx_word' id='word_1_35' title='bbox 779 700 867 776; x_wconf 91' lang='lat' dir='ltr'><strong>lupos</strong></span> <span class='ocrx_word' id='word_1_36' title='bbox 899 699 1012 759; x_wconf 89' lang='lat' dir='ltr'><strong>habere</strong></span> <span class='ocrx_word' id='word_1_37' title='bbox 1045 698 1143 757; x_wconf 90' lang='lat' dir='ltr'><strong>crines</strong></span> <span class='ocrx_word' id='word_1_38' title='bbox 1176 698 1266 758; x_wconf 89' lang='lat' dir='ltr'><strong>trium</strong></span> <span class='ocrx_word' id='word_1_39' title='bbox 1387 723 1394 736; x_wconf 85' lang='lat'><em>·</em></span> 
     </span>
    </p>
   </div>
   <div class='ocr_carea' id='block_1_4' title="bbox 122 799 1329 4522">
    <p class='ocr_par' dir='ltr' id='par_1_4' title="bbox 122 799 1329 4522">
     <span class='ocr_line' id='line_1_6' title="bbox 123 799 1267 878; baseline -0.003 -18"><span class='ocrx_word' id='word_1_40' title='bbox 123 801 270 876; x_wconf 88' lang='lat' dir='ltr'><strong>colorum,</strong></span> <span class='ocrx_word' id='word_1_41' title='bbox 306 799 384 859; x_wconf 85' lang='lat' dir='ltr'><strong>inira</strong></span> <span class='ocrx_word' id='word_1_42' title='bbox 406 802 502 870; x_wconf 87' lang='lat' dir='ltr'><strong>albos,</strong></span> <span class='ocrx_word' id='word_1_43' title='bbox 535 800 567 859; x_wconf 91' lang='lat' dir='ltr'><strong>in</strong></span> <span class='ocrx_word' id='word_1_44' title='bbox 591 801 694 860; x_wconf 89' lang='lat' dir='ltr'><strong>medio</strong></span> <span class='ocrx_word' id='word_1_45' title='bbox 716 801 828 876; x_wconf 87' lang='lat' dir='ltr'><strong>nigros,</strong></span> <span class='ocrx_word' id='word_1_46' title='bbox 858 819 949 878; x_wconf 87' lang='lat' dir='ltr'><strong>supra</strong></span> <span class='ocrx_word' id='word_1_47' title='bbox 970 800 1076 874; x_wconf 81' lang='lat' dir='ltr'><strong>fulvos,</strong></span> <span class='ocrx_word' id='word_1_48' title='bbox 1105 799 1155 860; x_wconf 88' lang='lat' dir='ltr'><strong>hic</strong></span> <span class='ocrx_word' id='word_1_49' title='bbox 1177 799 1267 874; x_wconf 85' lang='lat' dir='ltr'><strong>igitur</strong></span> 
     </span>
     <span class='ocr_line' id='line_1_7' title="bbox 124 879 1267 979; baseline -0.003 -19"><span class='ocrx_word' id='word_1_50' title='bbox 124 903 244 960; x_wconf 89' lang='lat' dir='ltr'><strong>dictum</strong></span> <span class='ocrx_word' id='word_1_51' title='bbox 274 917 345 960; x_wconf 87' lang='lat' dir='ltr'><strong>esse</strong></span> <span class='ocrx_word' id='word_1_52' title='bbox 367 902 470 978; x_wconf 89' lang='lat' dir='ltr'><strong>lupum</strong></span> <span class='ocrx_word' id='word_1_53' title='bbox 492 919 532 962; x_wconf 85' lang='lat' dir='ltr'><strong>ex</strong></span> <span class='ocrx_word' id='word_1_54' title='bbox 553 903 656 962; x_wconf 86' lang='lat' dir='ltr'><strong>infima</strong></span> <span class='ocrx_word' id='word_1_55' title='bbox 677 909 775 979; x_wconf 88' lang='lat' dir='ltr'><strong>parte,</strong></span> <span class='ocrx_word' id='word_1_56' title='bbox 812 904 896 962; x_wconf 92' lang='lat' dir='ltr'><strong>unde</strong></span> <span class='ocrx_word' id='word_1_57' title='bbox 918 902 998 960; x_wconf 88' lang='lat' dir='ltr'><strong>hanc</strong></span> <span class='ocrx_word' id='word_1_58' title='bbox 1020 900 1181 976; x_wconf 87' lang='lat' dir='ltr'><strong>sumpserit</strong></span> <span class='ocrx_word' id='word_1_59' title='bbox 1203 879 1267 974; x_wconf 71' lang='lat' dir='ltr'><strong>etp·</strong></span> 
     </span>
     <span class='ocr_line' id='line_1_8' title="bbox 123 997 1268 1083; baseline -0.001 -21"><span class='ocrx_word' id='word_1_60' title='bbox 123 1002 267 1082; x_wconf 85' lang='lat' dir='ltr'><strong>mologus</strong></span> <span class='ocrx_word' id='word_1_61' title='bbox 290 1005 404 1063; x_wconf 89' lang='lat' dir='ltr'><strong>nescio.</strong></span> <span class='ocrx_word' id='word_1_62' title='bbox 439 1033 481 1046; x_wconf 82' lang='grc'><strong>-</strong></span> <span class='ocrx_word' id='word_1_63' title='bbox 517 1005 566 1065; x_wconf 88' lang='lat' dir='ltr'><strong>Et.</strong></span> <span class='ocrx_word' id='word_1_64' title='bbox 589 1004 632 1063; x_wconf 90' lang='lat' dir='ltr'><strong>M.</strong></span> <span class='ocrx_word' id='word_1_65' title='bbox 657 1007 727 1074; x_wconf 81' lang='lat'><strong>395,</strong></span> <span class='ocrx_word' id='word_1_66' title='bbox 751 1007 790 1064; x_wconf 88' lang='lat'><strong>37</strong></span> <span class='ocrx_word' id='word_1_67' title='bbox 825 1024 850 1064; x_wconf 91' lang='lat' dir='ltr'><strong>v.</strong></span> <span class='ocrx_word' id='word_1_68' title='bbox 877 999 1031 1083; x_wconf 75' lang='lat' dir='ltr'><strong>„ehplvmv</strong></span> <span class='ocrx_word' id='word_1_69' title='bbox 1058 997 1184 1064; x_wconf 64' lang='grc' dir='ltr'>κυνῶν*</span> <span class='ocrx_word' id='word_1_70' title='bbox 1215 997 1268 1061; x_wconf 86' lang='grc' dir='ltr'><strong>καὶ</strong></span> 
     </span>
     <span class='ocr_line' id='line_1_9' title="bbox 124 1099 1287 1182; baseline -0.005 -16"><span class='ocrx_word' id='word_1_71' title='bbox 124 1099 347 1176; x_wconf 86' lang='grc' dir='ltr'>,,σκυλάκιυν“.</span> <span class='ocrx_word' id='word_1_72' title='bbox 405 1103 504 1164; x_wconf 87' lang='lat' dir='ltr'><strong>Prima</strong></span> <span class='ocrx_word' id='word_1_73' title='bbox 526 1105 783 1182; x_wconf 80' lang='lat' dir='ltr'><strong>interpretationis</strong></span> <span class='ocrx_word' id='word_1_74' title='bbox 816 1121 886 1181; x_wconf 88' lang='lat' dir='ltr'><strong>pars</strong></span> <span class='ocrx_word' id='word_1_75' title='bbox 921 1106 952 1162; x_wconf 90' lang='lat' dir='ltr'><strong>in</strong></span> <span class='ocrx_word' id='word_1_76' title='bbox 972 1104 1093 1163; x_wconf 89' lang='lat' dir='ltr'><strong>scholiis</strong></span> <span class='ocrx_word' id='word_1_77' title='bbox 1115 1104 1196 1162; x_wconf 91' lang='lat' dir='ltr'><strong>inest</strong></span> <span class='ocrx_word' id='word_1_78' title='bbox 1226 1103 1267 1160; x_wconf 87' lang='lat' dir='ltr'><strong>ad</strong></span> <span class='ocrx_word' id='word_1_79' title='bbox 1282 1139 1287 1165; x_wconf 61' lang='lat'><em>2</em></span> 
     </span>
     <span class='ocr_line' id='line_1_10' title="bbox 122 1204 1267 1283; baseline 0.001 -20"><span class='ocrx_word' id='word_1_80' title='bbox 122 1205 204 1266; x_wconf 46' lang='lat' dir='ltr'><strong>v.‘ll</strong></span> <span class='ocrx_word' id='word_1_81' title='bbox 227 1207 296 1276; x_wconf 77' lang='lat'><strong>125,</strong></span> <span class='ocrx_word' id='word_1_82' title='bbox 320 1223 411 1282; x_wconf 92' lang='lat' dir='ltr'><strong>quem</strong></span> <span class='ocrx_word' id='word_1_83' title='bbox 433 1222 554 1265; x_wconf 88' lang='lat' dir='ltr'><strong>versum</strong></span> <span class='ocrx_word' id='word_1_84' title='bbox 576 1207 607 1265; x_wconf 90' lang='lat' dir='ltr'><strong>in</strong></span> <span class='ocrx_word' id='word_1_85' title='bbox 629 1207 679 1266; x_wconf 91' lang='lat' dir='ltr'><strong>Et.</strong></span> <span class='ocrx_word' id='word_1_86' title='bbox 696 1207 738 1267; x_wconf 93' lang='lat' dir='ltr'><strong>M.</strong></span> <span class='ocrx_word' id='word_1_87' title='bbox 754 1207 863 1283; x_wconf 87' lang='lat' dir='ltr'><strong>respici</strong></span> <span class='ocrx_word' id='word_1_88' title='bbox 886 1206 986 1264; x_wconf 89' lang='lat' dir='ltr'><strong>elucet</strong></span> <span class='ocrx_word' id='word_1_89' title='bbox 1007 1224 1046 1263; x_wconf 87' lang='lat' dir='ltr'><strong>ex</strong></span> <span class='ocrx_word' id='word_1_90' title='bbox 1061 1204 1133 1265; x_wconf 91' lang='lat' dir='ltr'><strong>Mill.</strong></span> <span class='ocrx_word' id='word_1_91' title='bbox 1156 1205 1267 1282; x_wconf 70' lang='lat' dir='ltr'><strong>plut,</strong></span> 
     </span>
     <span class='ocr_line' id='line_1_11' title="bbox 124 1302 1268 1386; baseline 0.002 -21"><span class='ocrx_word' id='word_1_92' title='bbox 124 1305 179 1386; x_wconf 90' lang='lat' dir='ltr'><strong>qni</strong></span> <span class='ocrx_word' id='word_1_93' title='bbox 201 1307 369 1384; x_wconf 84' lang='lat' dir='ltr'><strong>pleniorem</strong></span> <span class='ocrx_word' id='word_1_94' title='bbox 391 1310 519 1384; x_wconf 89' lang='lat' dir='ltr'><strong>praebet</strong></span> <span class='ocrx_word' id='word_1_95' title='bbox 539 1323 667 1369; x_wconf 88' lang='lat' dir='ltr'><strong>versum.</strong></span> <span class='ocrx_word' id='word_1_96' title='bbox 699 1309 822 1367; x_wconf 87' lang='lat' dir='ltr'><strong>Deinde</strong></span> <span class='ocrx_word' id='word_1_97' title='bbox 844 1308 980 1384; x_wconf 86' lang='lat' dir='ltr'><strong>sequitur</strong></span> <span class='ocrx_word' id='word_1_98' title='bbox 999 1308 1031 1366; x_wconf 89' lang='lat' dir='ltr'><strong>in</strong></span> <span class='ocrx_word' id='word_1_99' title='bbox 1051 1307 1099 1367; x_wconf 91' lang='lat' dir='ltr'><strong>Et.</strong></span> <span class='ocrx_word' id='word_1_100' title='bbox 1122 1305 1182 1366; x_wconf 90' lang='lat' dir='ltr'><strong>M:</strong></span> <span class='ocrx_word' id='word_1_101' title='bbox 1216 1302 1268 1367; x_wconf 85' lang='grc' dir='ltr'><strong>καὶ</strong></span> 
     </span>
     <span class='ocr_line' id='line_1_12' title="bbox 125 1403 1269 1491; baseline -0.004 -20"><span class='ocrx_word' id='word_1_102' title='bbox 125 1405 288 1485; x_wconf 86' lang='grc' dir='ltr'>Ξενοφῶν</span> <span class='ocrx_word' id='word_1_103' title='bbox 319 1406 422 1489; x_wconf 84' lang='grc' dir='ltr'>ἐντῷ</span> <span class='ocrx_word' id='word_1_104' title='bbox 448 1406 646 1491; x_wconf 84' lang='grc' dir='ltr'>Κυνηγετικῷ</span> <span class='ocrx_word' id='word_1_105' title='bbox 669 1405 710 1486; x_wconf 81' lang='grc'><strong>(4,</strong></span> <span class='ocrx_word' id='word_1_106' title='bbox 735 1407 765 1486; x_wconf 86' lang='grc'><strong>6)</strong></span> <span class='ocrx_word' id='word_1_107' title='bbox 796 1405 921 1471; x_wconf 83' lang='grc' dir='ltr'>κελεύει</span> <span class='ocrx_word' id='word_1_108' title='bbox 954 1403 1054 1484; x_wconf 81' lang='grc' dir='ltr'>κύνας</span> <span class='ocrx_word' id='word_1_109' title='bbox 1081 1403 1269 1481; x_wconf 85' lang='grc' dir='ltr'>ἐκλέγεσθαι</span> 
     </span>
     <span class='ocr_line' id='line_1_13' title="bbox 124 1505 1268 1587; baseline -0.003 -15"><span class='ocrx_word' id='word_1_110' title='bbox 124 1506 269 1587; x_wconf 81' lang='grc' dir='ltr'>εὔρινας,</span> <span class='ocrx_word' id='word_1_111' title='bbox 303 1506 357 1572; x_wconf 85' lang='grc' dir='ltr'><strong>ἵνα</strong></span> <span class='ocrx_word' id='word_1_112' title='bbox 389 1505 631 1586; x_wconf 87' lang='grc' dir='ltr'>ὀσφραίνωνται</span> <span class='ocrx_word' id='word_1_113' title='bbox 671 1507 749 1587; x_wconf 85' lang='grc' dir='ltr'>τοὺς</span> <span class='ocrx_word' id='word_1_114' title='bbox 785 1506 945 1586; x_wconf 81' lang='grc' dir='ltr'>λαγωούς.</span> <span class='ocrx_word' id='word_1_115' title='bbox 1000 1507 1058 1571; x_wconf 84' lang='grc' dir='ltr'><strong>Καὶ</strong></span> <span class='ocrx_word' id='word_1_116' title='bbox 1090 1505 1268 1583; x_wconf 82' lang='grc' dir='ltr'>Νίκανδρος</span> 
     </span>
     <span class='ocr_line' id='line_1_14' title="bbox 123 1598 1329 1692; baseline -0.004 -19"><span class='ocrx_word' id='word_1_117' title='bbox 123 1607 296 1692; x_wconf 80' lang='grc' dir='ltr'>,,Ἀρτεμις</span> <span class='ocrx_word' id='word_1_118' title='bbox 332 1606 467 1687; x_wconf 81' lang='grc' dir='ltr'>εὐρίνων</span> <span class='ocrx_word' id='word_1_119' title='bbox 504 1607 604 1688; x_wconf 88' lang='grc' dir='ltr'>ἑσμὸν</span> <span class='ocrx_word' id='word_1_120' title='bbox 641 1607 712 1686; x_wconf 82' lang='grc' dir='ltr'>ἄγει</span> <span class='ocrx_word' id='word_1_121' title='bbox 744 1607 984 1691; x_wconf 79' lang='grc' dir='ltr'>&lt;σκυλάκυιν&gt;“.</span> <span class='ocrx_word' id='word_1_122' title='bbox 1039 1598 1267 1686; x_wconf 84' lang='grc' dir='ltr'>Ἀπολλώνιος.</span> <span class='ocrx_word' id='word_1_123' title='bbox 1326 1659 1329 1668; x_wconf 94' lang='grc'>.</span> 
     </span>
     <span class='ocr_line' id='line_1_15' title="bbox 122 1713 1268 1790; baseline -0.001 -18"><span class='ocrx_word' id='word_1_124' title='bbox 122 1713 214 1772; x_wconf 91' lang='lat' dir='ltr'><strong>Haec</strong></span> <span class='ocrx_word' id='word_1_125' title='bbox 234 1731 358 1790; x_wconf 90' lang='lat' dir='ltr'><strong>quoque</strong></span> <span class='ocrx_word' id='word_1_126' title='bbox 380 1715 472 1772; x_wconf 88' lang='lat' dir='ltr'><strong>verba</strong></span> <span class='ocrx_word' id='word_1_127' title='bbox 506 1713 578 1790; x_wconf 89' lang='lat' dir='ltr'><strong>quin</strong></span> <span class='ocrx_word' id='word_1_128' title='bbox 609 1731 648 1772; x_wconf 80' lang='lat' dir='ltr'><strong>ex</strong></span> <span class='ocrx_word' id='word_1_129' title='bbox 679 1714 802 1773; x_wconf 87' lang='lat' dir='ltr'><strong>scholiis</strong></span> <span class='ocrx_word' id='word_1_130' title='bbox 824 1714 935 1774; x_wconf 89' lang='lat' dir='ltr'><strong>hausta</strong></span> <span class='ocrx_word' id='word_1_131' title='bbox 967 1714 1026 1774; x_wconf 91' lang='lat' dir='ltr'><strong>sint</strong></span> <span class='ocrx_word' id='word_1_132' title='bbox 1049 1715 1176 1772; x_wconf 90' lang='lat' dir='ltr'><strong>dubium</strong></span> <span class='ocrx_word' id='word_1_133' title='bbox 1197 1730 1268 1772; x_wconf 89' lang='lat' dir='ltr'><strong>esse</strong></span> 
     </span>
     <span class='ocr_line' id='line_1_16' title="bbox 122 1811 1269 1892; baseline -0.001 -19"><span class='ocrx_word' id='word_1_134' title='bbox 122 1831 190 1873; x_wconf 89' lang='lat' dir='ltr'><strong>non</strong></span> <span class='ocrx_word' id='word_1_135' title='bbox 212 1821 332 1892; x_wconf 85' lang='lat' dir='ltr'><strong>potest;</strong></span> <span class='ocrx_word' id='word_1_136' title='bbox 368 1811 513 1874; x_wconf 86' lang='lat' dir='ltr'><strong>Nicandri</strong></span> <span class='ocrx_word' id='word_1_137' title='bbox 535 1824 640 1876; x_wconf 89' lang='lat' dir='ltr'><strong>autem</strong></span> <span class='ocrx_word' id='word_1_138' title='bbox 660 1833 781 1875; x_wconf 90' lang='lat' dir='ltr'><strong>versum</strong></span> <span class='ocrx_word' id='word_1_139' title='bbox 802 1816 927 1876; x_wconf 89' lang='lat' dir='ltr'><strong>aliunde</strong></span> <span class='ocrx_word' id='word_1_140' title='bbox 959 1836 1024 1876; x_wconf 90' lang='lat' dir='ltr'><strong>non</strong></span> <span class='ocrx_word' id='word_1_141' title='bbox 1054 1817 1201 1887; x_wconf 89' lang='lat' dir='ltr'><strong>novimus,</strong></span> <span class='ocrx_word' id='word_1_142' title='bbox 1237 1816 1269 1872; x_wconf 90' lang='lat' dir='ltr'><strong>in</strong></span> 
     </span>
     <span class='ocr_line' id='line_1_17' title="bbox 123 1911 1268 1994; baseline 0.001 -22"><span class='ocrx_word' id='word_1_143' title='bbox 123 1931 198 1992; x_wconf 89' lang='lat' dir='ltr'><strong>quo,</strong></span> <span class='ocrx_word' id='word_1_144' title='bbox 232 1916 318 1990; x_wconf 92' lang='lat' dir='ltr'><strong>quod</strong></span> <span class='ocrx_word' id='word_1_145' title='bbox 345 1915 377 1977; x_wconf 85' lang='lat' dir='ltr'><strong>in</strong></span> <span class='ocrx_word' id='word_1_146' title='bbox 404 1917 469 1975; x_wconf 85' lang='lat' dir='ltr'><strong>line</strong></span> <span class='ocrx_word' id='word_1_147' title='bbox 503 1916 614 1993; x_wconf 85' lang='lat' dir='ltr'><strong>legitur</strong></span> <span class='ocrx_word' id='word_1_148' title='bbox 636 1911 818 1994; x_wconf 84' lang='grc' dir='ltr'>σκυλάκων,</span> <span class='ocrx_word' id='word_1_149' title='bbox 851 1935 921 1976; x_wconf 91' lang='lat' dir='ltr'><strong>cum</strong></span> <span class='ocrx_word' id='word_1_150' title='bbox 944 1918 1027 1976; x_wconf 87' lang='lat' dir='ltr'><strong>desit</strong></span> <span class='ocrx_word' id='word_1_151' title='bbox 1047 1917 1079 1976; x_wconf 88' lang='lat' dir='ltr'><strong>in</strong></span> <span class='ocrx_word' id='word_1_152' title='bbox 1101 1917 1268 1990; x_wconf 87' lang='lat' dir='ltr'><strong>codicibus,</strong></span> 
     </span>
     <span class='ocr_line' id='line_1_18' title="bbox 126 2016 1270 2094; baseline 0.003 -20"><span class='ocrx_word' id='word_1_153' title='bbox 126 2016 299 2094; x_wconf 83' lang='lat' dir='ltr'><strong>Sylburgius</strong></span> <span class='ocrx_word' id='word_1_154' title='bbox 322 2025 405 2075; x_wconf 89' lang='lat' dir='ltr'><strong>recte</strong></span> <span class='ocrx_word' id='word_1_155' title='bbox 428 2017 579 2094; x_wconf 86' lang='lat' dir='ltr'><strong>supplevit</strong></span> <span class='ocrx_word' id='word_1_156' title='bbox 600 2035 639 2076; x_wconf 84' lang='lat' dir='ltr'><strong>ex</strong></span> <span class='ocrx_word' id='word_1_157' title='bbox 655 2018 704 2080; x_wconf 86' lang='lat' dir='ltr'><strong>Et.</strong></span> <span class='ocrx_word' id='word_1_158' title='bbox 712 2017 755 2078; x_wconf 92' lang='lat' dir='ltr'><strong>M.</strong></span> <span class='ocrx_word' id='word_1_159' title='bbox 765 2018 916 2080; x_wconf 88' lang='lat' dir='ltr'><strong>lemmate.</strong></span> <span class='ocrx_word' id='word_1_160' title='bbox 927 2049 969 2060; x_wconf 89' lang='lat'><strong>-·</strong></span> <span class='ocrx_word' id='word_1_161' title='bbox 981 2019 1016 2076; x_wconf 89' lang='lat' dir='ltr'><strong>ln</strong></span> <span class='ocrx_word' id='word_1_162' title='bbox 1028 2018 1077 2080; x_wconf 90' lang='lat' dir='ltr'><strong>Et.</strong></span> <span class='ocrx_word' id='word_1_163' title='bbox 1091 2018 1135 2080; x_wconf 92' lang='lat' dir='ltr'><strong>M.</strong></span> <span class='ocrx_word' id='word_1_164' title='bbox 1148 2017 1219 2092; x_wconf 83' lang='lat'><strong>204,</strong></span> <span class='ocrx_word' id='word_1_165' title='bbox 1228 2018 1270 2078; x_wconf 86' lang='lat'><strong>50</strong></span> 
     </span>
     <span class='ocr_line' id='line_1_19' title="bbox 125 2113 1269 2195; baseline 0.001 -20"><span class='ocrx_word' id='word_1_166' title='bbox 125 2138 151 2181; x_wconf 87' lang='lat' dir='ltr'><strong>v.</strong></span> <span class='ocrx_word' id='word_1_167' title='bbox 175 2113 337 2195; x_wconf 82' lang='grc' dir='ltr'>βομβηδόν</span> <span class='ocrx_word' id='word_1_168' title='bbox 360 2118 556 2195; x_wconf 87' lang='lat' dir='ltr'><strong>adponuntur</strong></span> <span class='ocrx_word' id='word_1_169' title='bbox 577 2119 636 2194; x_wconf 86' lang='lat' dir='ltr'><strong>Ap.</strong></span> <span class='ocrx_word' id='word_1_170' title='bbox 660 2136 764 2178; x_wconf 88' lang='lat' dir='ltr'><strong>versus</strong></span> <span class='ocrx_word' id='word_1_171' title='bbox 787 2119 817 2176; x_wconf 94' lang='lat' dir='ltr'><strong>II</strong></span> <span class='ocrx_word' id='word_1_172' title='bbox 842 2122 899 2180; x_wconf 88' lang='lat'><strong>131</strong></span> <span class='ocrx_word' id='word_1_173' title='bbox 924 2127 957 2178; x_wconf 92' lang='lat' dir='ltr'><strong>et</strong></span> <span class='ocrx_word' id='word_1_174' title='bbox 982 2121 1041 2180; x_wconf 83' lang='grc'><strong>133</strong></span> <span class='ocrx_word' id='word_1_175' title='bbox 1079 2117 1269 2178; x_wconf 88' lang='lat' dir='ltr'><strong>exscribitur·</strong></span> 
     </span>
     <span class='ocr_line' id='line_1_20' title="bbox 126 2215 1267 2297; baseline 0.002 -19"><span class='ocrx_word' id='word_1_176' title='bbox 126 2237 187 2297; x_wconf 90' lang='lat' dir='ltr'><strong>que</strong></span> <span class='ocrx_word' id='word_1_177' title='bbox 209 2219 348 2278; x_wconf 90' lang='lat' dir='ltr'><strong>scholion</strong></span> <span class='ocrx_word' id='word_1_178' title='bbox 370 2219 507 2278; x_wconf 88' lang='lat' dir='ltr'><strong>adhunc</strong></span> <span class='ocrx_word' id='word_1_179' title='bbox 522 2219 638 2290; x_wconf 90' lang='lat' dir='ltr'><strong>locum;</strong></span> <span class='ocrx_word' id='word_1_180' title='bbox 661 2222 748 2296; x_wconf 90' lang='lat' dir='ltr'><strong>quod</strong></span> <span class='ocrx_word' id='word_1_181' title='bbox 762 2223 794 2279; x_wconf 90' lang='lat' dir='ltr'><strong>in</strong></span> <span class='ocrx_word' id='word_1_182' title='bbox 808 2223 879 2282; x_wconf 91' lang='lat' dir='ltr'><strong>cod.</strong></span> <span class='ocrx_word' id='word_1_183' title='bbox 894 2221 984 2282; x_wconf 83' lang='lat' dir='ltr'><strong>Laut.</strong></span> <span class='ocrx_word' id='word_1_184' title='bbox 1000 2221 1107 2296; x_wconf 87' lang='lat' dir='ltr'><strong>legitur</strong></span> <span class='ocrx_word' id='word_1_185' title='bbox 1122 2215 1267 2297; x_wconf 81' lang='grc' dir='ltr'>βοξύνου,</span> 
     </span>
     <span class='ocr_line' id='line_1_21' title="bbox 126 2317 1269 2398; baseline -0.004 -16"><span class='ocrx_word' id='word_1_186' title='bbox 126 2325 159 2382; x_wconf 89' lang='lat' dir='ltr'><strong>in</strong></span> <span class='ocrx_word' id='word_1_187' title='bbox 180 2322 231 2381; x_wconf 91' lang='lat' dir='ltr'><strong>Et.</strong></span> <span class='ocrx_word' id='word_1_188' title='bbox 252 2321 294 2381; x_wconf 93' lang='lat' dir='ltr'><strong>M.</strong></span> <span class='ocrx_word' id='word_1_189' title='bbox 317 2317 463 2397; x_wconf 85' lang='grc' dir='ltr'>βοξύνης,</span> <span class='ocrx_word' id='word_1_190' title='bbox 488 2322 653 2397; x_wconf 87' lang='lat' dir='ltr'><strong>disceptari</strong></span> <span class='ocrx_word' id='word_1_191' title='bbox 674 2322 789 2397; x_wconf 90' lang='lat' dir='ltr'><strong>nequit,</strong></span> <span class='ocrx_word' id='word_1_192' title='bbox 815 2332 916 2380; x_wconf 90' lang='lat' dir='ltr'><strong>utrum</strong></span> <span class='ocrx_word' id='word_1_193' title='bbox 938 2323 978 2380; x_wconf 92' lang='lat' dir='ltr'><strong>sit</strong></span> <span class='ocrx_word' id='word_1_194' title='bbox 992 2331 1117 2396; x_wconf 91' lang='lat' dir='ltr'><strong>rectum,</strong></span> <span class='ocrx_word' id='word_1_195' title='bbox 1141 2321 1269 2398; x_wconf 88' lang='lat' dir='ltr'><strong>quiade</strong></span> 
     </span>
     <span class='ocr_line' id='line_1_22' title="bbox 127 2421 1269 2500; baseline 0.002 -18"><span class='ocrx_word' id='word_1_196' title='bbox 127 2423 188 2482; x_wconf 88' lang='lat' dir='ltr'><strong>hoc</strong></span> <span class='ocrx_word' id='word_1_197' title='bbox 209 2423 275 2499; x_wconf 88' lang='lat' dir='ltr'><strong>apis</strong></span> <span class='ocrx_word' id='word_1_198' title='bbox 296 2422 421 2480; x_wconf 87' lang='lat' dir='ltr'><strong>nomine</strong></span> <span class='ocrx_word' id='word_1_199' title='bbox 444 2423 567 2480; x_wconf 86' lang='lat' dir='ltr'><strong>aliunde</strong></span> <span class='ocrx_word' id='word_1_200' title='bbox 589 2423 660 2480; x_wconf 89' lang='lat' dir='ltr'><strong>nihil</strong></span> <span class='ocrx_word' id='word_1_201' title='bbox 682 2431 817 2494; x_wconf 88' lang='lat' dir='ltr'><strong>constat;</strong></span> <span class='ocrx_word' id='word_1_202' title='bbox 840 2425 896 2484; x_wconf 89' lang='lat' dir='ltr'><strong>sed</strong></span> <span class='ocrx_word' id='word_1_203' title='bbox 918 2425 1071 2482; x_wconf 89' lang='lat' dir='ltr'><strong>nonlicet</strong></span> <span class='ocrx_word' id='word_1_204' title='bbox 1094 2421 1269 2500; x_wconf 81' lang='grc' dir='ltr'>βομβυλιοῦ</span> 
     </span>
     <span class='ocr_line' id='line_1_23' title="bbox 125 2513 1269 2600; baseline -0.001 -15"><span class='ocrx_word' id='word_1_205' title='bbox 125 2513 318 2599; x_wconf 77' lang='lat' dir='ltr'><strong>substituere,</strong></span> <span class='ocrx_word' id='word_1_206' title='bbox 351 2524 436 2600; x_wconf 91' lang='lat' dir='ltr'><strong>quod</strong></span> <span class='ocrx_word' id='word_1_207' title='bbox 469 2525 640 2600; x_wconf 87' lang='lat' dir='ltr'><strong>suspicatus</strong></span> <span class='ocrx_word' id='word_1_208' title='bbox 675 2533 723 2582; x_wconf 88' lang='lat' dir='ltr'><strong>est</strong></span> <span class='ocrx_word' id='word_1_209' title='bbox 751 2525 876 2586; x_wconf 89' lang='lat' dir='ltr'><strong>Keilius.</strong></span> <span class='ocrx_word' id='word_1_210' title='bbox 913 2556 955 2566; x_wconf 91' lang='lat'>-</span> <span class='ocrx_word' id='word_1_211' title='bbox 992 2525 1043 2584; x_wconf 84' lang='lat' dir='ltr'><strong>Et.</strong></span> <span class='ocrx_word' id='word_1_212' title='bbox 1071 2524 1112 2584; x_wconf 92' lang='lat' dir='ltr'><strong>M.</strong></span> <span class='ocrx_word' id='word_1_213' title='bbox 1137 2525 1206 2595; x_wconf 85' lang='grc'><strong>689,</strong></span> <span class='ocrx_word' id='word_1_214' title='bbox 1231 2525 1269 2584; x_wconf 88' lang='grc'><strong>13</strong></span> 
     </span>
     <span class='ocr_line' id='line_1_24' title="bbox 126 2621 1270 2703; baseline -0.001 -20"><span class='ocrx_word' id='word_1_215' title='bbox 126 2646 154 2688; x_wconf 89' lang='lat' dir='ltr'><strong>v.</strong></span> <span class='ocrx_word' id='word_1_216' title='bbox 176 2621 433 2703; x_wconf 83' lang='grc' dir='ltr'>Πρυικόννησος,</span> <span class='ocrx_word' id='word_1_217' title='bbox 468 2643 559 2702; x_wconf 89' lang='lat' dir='ltr'><strong>quem</strong></span> <span class='ocrx_word' id='word_1_218' title='bbox 581 2625 681 2684; x_wconf 91' lang='lat' dir='ltr'><strong>locum</strong></span> <span class='ocrx_word' id='word_1_219' title='bbox 704 2627 765 2684; x_wconf 88' lang='lat' dir='ltr'><strong>iam</strong></span> <span class='ocrx_word' id='word_1_220' title='bbox 787 2643 878 2702; x_wconf 88' lang='lat' dir='ltr'><strong>snpra</strong></span> <span class='ocrx_word' id='word_1_221' title='bbox 904 2645 934 2703; x_wconf 93' lang='lat' dir='ltr'><strong>p.</strong></span> <span class='ocrx_word' id='word_1_222' title='bbox 961 2630 997 2684; x_wconf 82' lang='grc'><strong>15</strong></span> <span class='ocrx_word' id='word_1_223' title='bbox 1022 2624 1270 2684; x_wconf 86' lang='lat' dir='ltr'><strong>commemoravi·</strong></span> 
     </span>
     <span class='ocr_line' id='line_1_25' title="bbox 125 2726 1269 2805; baseline -0.003 -17"><span class='ocrx_word' id='word_1_224' title='bbox 125 2745 195 2788; x_wconf 87' lang='lat' dir='ltr'><strong>mus</strong></span> <span class='ocrx_word' id='word_1_225' title='bbox 216 2729 380 2787; x_wconf 88' lang='lat' dir='ltr'><strong>convenire</strong></span> <span class='ocrx_word' id='word_1_226' title='bbox 402 2743 471 2785; x_wconf 87' lang='lat' dir='ltr'><strong>cum</strong></span> <span class='ocrx_word' id='word_1_227' title='bbox 493 2726 586 2786; x_wconf 90' lang='lat' dir='ltr'><strong>schol.</strong></span> <span class='ocrx_word' id='word_1_228' title='bbox 608 2726 637 2782; x_wconf 90' lang='lat'><strong>11</strong></span> <span class='ocrx_word' id='word_1_229' title='bbox 659 2729 730 2786; x_wconf 88' lang='grc'><strong>279.</strong></span> <span class='ocrx_word' id='word_1_230' title='bbox 784 2727 905 2805; x_wconf 90' lang='lat' dir='ltr'><strong>Restat,</strong></span> <span class='ocrx_word' id='word_1_231' title='bbox 939 2737 972 2786; x_wconf 88' lang='lat' dir='ltr'><strong>ut</strong></span> <span class='ocrx_word' id='word_1_232' title='bbox 1005 2729 1077 2785; x_wconf 90' lang='lat' dir='ltr'><strong>inde</strong></span> <span class='ocrx_word' id='word_1_233' title='bbox 1100 2728 1130 2785; x_wconf 91' lang='lat' dir='ltr'><strong>in</strong></span> <span class='ocrx_word' id='word_1_234' title='bbox 1152 2726 1269 2784; x_wconf 90' lang='lat' dir='ltr'><strong>scholio</strong></span> 
     </span>
     <span class='ocr_line' id='line_1_26' title="bbox 126 2821 1269 2905; baseline -0.002 -16"><span class='ocrx_word' id='word_1_235' title='bbox 126 2830 275 2890; x_wconf 86' lang='lat' dir='ltr'><strong>nonnulla</strong></span> <span class='ocrx_word' id='word_1_236' title='bbox 297 2829 505 2886; x_wconf 84' lang='lat' dir='ltr'><strong>emendemus.</strong></span> <span class='ocrx_word' id='word_1_237' title='bbox 548 2829 584 2886; x_wconf 90' lang='lat' dir='ltr'><strong>In</strong></span> <span class='ocrx_word' id='word_1_238' title='bbox 606 2827 695 2888; x_wconf 85' lang='lat' dir='ltr'><strong>Laur.</strong></span> <span class='ocrx_word' id='word_1_239' title='bbox 718 2829 839 2902; x_wconf 84' lang='lat' dir='ltr'><strong>legitur:</strong></span> <span class='ocrx_word' id='word_1_240' title='bbox 862 2825 1039 2905; x_wconf 86' lang='grc' dir='ltr'>Διονύσιος</span> <span class='ocrx_word' id='word_1_241' title='bbox 1062 2824 1081 2889; x_wconf 89' lang='grc' dir='ltr'>ὁ</span> <span class='ocrx_word' id='word_1_242' title='bbox 1101 2821 1269 2904; x_wconf 85' lang='grc' dir='ltr'>Ἀθηναῖος</span> 
     </span>
     <span class='ocr_line' id='line_1_27' title="bbox 126 2917 1269 3006; baseline -0.006 -12"><span class='ocrx_word' id='word_1_243' title='bbox 126 2930 255 3005; x_wconf 83' lang='grc' dir='ltr'>ἐντοῖς</span> <span class='ocrx_word' id='word_1_244' title='bbox 278 2925 447 3006; x_wconf 81' lang='grc' dir='ltr'>κυήσεσιν;</span> <span class='ocrx_word' id='word_1_245' title='bbox 470 2927 529 2986; x_wconf 90' lang='lat' dir='ltr'><strong>hoc</strong></span> <span class='ocrx_word' id='word_1_246' title='bbox 550 2936 631 2986; x_wconf 89' lang='lat' dir='ltr'><strong>recte</strong></span> <span class='ocrx_word' id='word_1_247' title='bbox 654 2932 823 2989; x_wconf 89' lang='lat' dir='ltr'><strong>secundum</strong></span> <span class='ocrx_word' id='word_1_248' title='bbox 845 2931 894 2990; x_wconf 90' lang='lat' dir='ltr'><strong>Et.</strong></span> <span class='ocrx_word' id='word_1_249' title='bbox 919 2917 961 2990; x_wconf 90' lang='lat' dir='ltr'><strong>M.</strong></span> <span class='ocrx_word' id='word_1_250' title='bbox 991 2932 1021 2988; x_wconf 90' lang='lat' dir='ltr'><strong>in</strong></span> <span class='ocrx_word' id='word_1_251' title='bbox 1043 2925 1187 2992; x_wconf 87' lang='grc' dir='ltr'>κτίσεσιν</span> <span class='ocrx_word' id='word_1_252' title='bbox 1208 2929 1269 2988; x_wconf 87' lang='lat' dir='ltr'><strong>iam</strong></span> 
     </span>
     <span class='ocr_line' id='line_1_28' title="bbox 125 3025 1271 3107; baseline -0.002 -15"><span class='ocrx_word' id='word_1_253' title='bbox 125 3039 298 3092; x_wconf 86' lang='lat' dir='ltr'><strong>correctum</strong></span> <span class='ocrx_word' id='word_1_254' title='bbox 313 3039 369 3091; x_wconf 88' lang='lat' dir='ltr'><strong>est.</strong></span> <span class='ocrx_word' id='word_1_255' title='bbox 413 3028 535 3088; x_wconf 89' lang='lat' dir='ltr'><strong>Deinde</strong></span> <span class='ocrx_word' id='word_1_256' title='bbox 552 3030 700 3088; x_wconf 90' lang='lat' dir='ltr'><strong>habemus</strong></span> <span class='ocrx_word' id='word_1_257' title='bbox 715 3032 747 3087; x_wconf 90' lang='lat' dir='ltr'><strong>in</strong></span> <span class='ocrx_word' id='word_1_258' title='bbox 762 3031 891 3092; x_wconf 91' lang='lat' dir='ltr'><strong>scholio:</strong></span> <span class='ocrx_word' id='word_1_259' title='bbox 915 3029 995 3092; x_wconf 86' lang='grc' dir='ltr'>καθὸ</span> <span class='ocrx_word' id='word_1_260' title='bbox 1010 3027 1169 3107; x_wconf 85' lang='grc' dir='ltr'>πρότερον</span> <span class='ocrx_word' id='word_1_261' title='bbox 1185 3025 1271 3091; x_wconf 81' lang='grc' dir='ltr'>οὖσα</span> 
     </span>
     <span class='ocr_line' id='line_1_29' title="bbox 125 3127 1271 3210; baseline -0.002 -15"><span class='ocrx_word' id='word_1_262' title='bbox 125 3133 230 3210; x_wconf 85' lang='grc' dir='ltr'>νῆσος</span> <span class='ocrx_word' id='word_1_263' title='bbox 251 3129 327 3204; x_wconf 80' lang='grc' dir='ltr'><strong>ὑπό</strong></span> <span class='ocrx_word' id='word_1_264' title='bbox 342 3147 463 3192; x_wconf 88' lang='grc' dir='ltr'>τινων</span> <span class='ocrx_word' id='word_1_265' title='bbox 477 3127 709 3207; x_wconf 83' lang='grc' dir='ltr'>προσεχώσθη;</span> <span class='ocrx_word' id='word_1_266' title='bbox 733 3131 764 3188; x_wconf 90' lang='lat' dir='ltr'><strong>in</strong></span> <span class='ocrx_word' id='word_1_267' title='bbox 780 3133 829 3192; x_wconf 86' lang='lat' dir='ltr'><strong>Et.</strong></span> <span class='ocrx_word' id='word_1_268' title='bbox 845 3132 887 3190; x_wconf 90' lang='lat' dir='ltr'><strong>M.</strong></span> <span class='ocrx_word' id='word_1_269' title='bbox 902 3142 985 3191; x_wconf 86' lang='lat' dir='ltr'><strong>recte</strong></span> <span class='ocrx_word' id='word_1_270' title='bbox 1000 3141 1102 3190; x_wconf 85' lang='lat' dir='ltr'><strong>exstat</strong></span> <span class='ocrx_word' id='word_1_271' title='bbox 1116 3127 1271 3206; x_wconf 85' lang='grc' dir='ltr'>ὕστερον;</span> 
     </span>
     <span class='ocr_line' id='line_1_30' title="bbox 128 3227 1270 3312; baseline -0.003 -19"><span class='ocrx_word' id='word_1_272' title='bbox 128 3235 214 3312; x_wconf 90' lang='lat' dir='ltr'><strong>quod</strong></span> <span class='ocrx_word' id='word_1_273' title='bbox 237 3240 339 3291; x_wconf 88' lang='lat' dir='ltr'><strong>autem</strong></span> <span class='ocrx_word' id='word_1_274' title='bbox 361 3233 393 3289; x_wconf 90' lang='lat' dir='ltr'><strong>in</strong></span> <span class='ocrx_word' id='word_1_275' title='bbox 415 3233 484 3292; x_wconf 89' lang='lat' dir='ltr'><strong>cod.</strong></span> <span class='ocrx_word' id='word_1_276' title='bbox 502 3231 592 3290; x_wconf 91' lang='lat' dir='ltr'><strong>Laur.</strong></span> <span class='ocrx_word' id='word_1_277' title='bbox 608 3232 688 3289; x_wconf 85' lang='lat' dir='ltr'><strong>inest</strong></span> <span class='ocrx_word' id='word_1_278' title='bbox 710 3227 774 3292; x_wconf 83' lang='grc' dir='ltr'><strong>ὑπό</strong></span> <span class='ocrx_word' id='word_1_279' title='bbox 790 3248 893 3306; x_wconf 85' lang='grc' dir='ltr'>τινων,</span> <span class='ocrx_word' id='word_1_280' title='bbox 917 3234 975 3291; x_wconf 92' lang='lat' dir='ltr'><strong>huc</strong></span> <span class='ocrx_word' id='word_1_281' title='bbox 993 3235 1112 3310; x_wconf 87' lang='lat' dir='ltr'><strong>irrepsit</strong></span> <span class='ocrx_word' id='word_1_282' title='bbox 1124 3250 1170 3298; x_wconf 69' lang='lat' dir='ltr'><strong>‚ex</strong></span> <span class='ocrx_word' id='word_1_283' title='bbox 1185 3233 1270 3290; x_wconf 91' lang='lat' dir='ltr'><strong>initio</strong></span> 
     </span>
     <span class='ocr_line' id='line_1_31' title="bbox 129 3328 1271 3410; baseline 0.001 -17"><span class='ocrx_word' id='word_1_284' title='bbox 129 3334 288 3410; x_wconf 88' lang='lat' dir='ltr'><strong>sequentis</strong></span> <span class='ocrx_word' id='word_1_285' title='bbox 311 3333 474 3392; x_wconf 86' lang='lat' dir='ltr'><strong>enuntiati:</strong></span> <span class='ocrx_word' id='word_1_286' title='bbox 498 3329 559 3393; x_wconf 81' lang='grc' dir='ltr'><strong>ὑπό</strong></span> <span class='ocrx_word' id='word_1_287' title='bbox 580 3349 677 3408; x_wconf 83' lang='grc' dir='ltr'>τινων</span> <span class='ocrx_word' id='word_1_288' title='bbox 699 3331 734 3394; x_wconf 83' lang='grc' dir='ltr'><strong>δὲ</strong></span> <span class='ocrx_word' id='word_1_289' title='bbox 758 3329 996 3410; x_wconf 90' lang='grc' dir='ltr'>Προκόννησος</span> <span class='ocrx_word' id='word_1_290' title='bbox 1019 3330 1071 3395; x_wconf 87' lang='grc' dir='ltr'><strong>καλ</strong></span> <span class='ocrx_word' id='word_1_291' title='bbox 1091 3328 1271 3408; x_wconf 83' lang='grc' dir='ltr'>Ἐλαφόνη-</span> 
     </span>
     <span class='ocr_line' id='line_1_32' title="bbox 127 3430 1272 3512; baseline -0.002 -14"><span class='ocrx_word' id='word_1_292' title='bbox 127 3447 191 3512; x_wconf 86' lang='grc' dir='ltr'><strong>σος</strong></span> <span class='ocrx_word' id='word_1_293' title='bbox 215 3430 342 3510; x_wconf 79' lang='grc' dir='ltr'>ἐκλήθη.</span> <span class='ocrx_word' id='word_1_294' title='bbox 383 3430 642 3509; x_wconf 80' lang='grc' dir='ltr'>Ἀλελφόνησος,</span> <span class='ocrx_word' id='word_1_295' title='bbox 666 3437 751 3509; x_wconf 90' lang='lat' dir='ltr'><strong>quod</strong></span> <span class='ocrx_word' id='word_1_296' title='bbox 773 3435 866 3493; x_wconf 87' lang='lat' dir='ltr'><strong>habet</strong></span> <span class='ocrx_word' id='word_1_297' title='bbox 888 3435 937 3495; x_wconf 88' lang='lat' dir='ltr'><strong>Et.</strong></span> <span class='ocrx_word' id='word_1_298' title='bbox 953 3435 993 3496; x_wconf 87' lang='lat' dir='ltr'><strong>M.</strong></span> <span class='ocrx_word' id='word_1_299' title='bbox 1015 3453 1070 3511; x_wconf 89' lang='lat' dir='ltr'><strong>pro</strong></span> <span class='ocrx_word' id='word_1_300' title='bbox 1091 3431 1272 3510; x_wconf 87' lang='grc' dir='ltr'>Ἔλαφόνη-</span> 
     </span>
     <span class='ocr_line' id='line_1_33' title="bbox 126 3517 1269 3612; baseline -0.003 -13"><span class='ocrx_word' id='word_1_301' title='bbox 126 3549 202 3612; x_wconf 88' lang='grc' dir='ltr'>σος,</span> <span class='ocrx_word' id='word_1_302' title='bbox 236 3517 411 3611; x_wconf 87' lang='lat' dir='ltr'><strong>corruptum</strong></span> <span class='ocrx_word' id='word_1_303' title='bbox 433 3551 503 3593; x_wconf 88' lang='lat' dir='ltr'><strong>esse</strong></span> <span class='ocrx_word' id='word_1_304' title='bbox 525 3536 752 3594; x_wconf 89' lang='lat' dir='ltr'><strong>demonstratur</strong></span> <span class='ocrx_word' id='word_1_305' title='bbox 789 3553 857 3592; x_wconf 88' lang='lat' dir='ltr'><strong>cum</strong></span> <span class='ocrx_word' id='word_1_306' title='bbox 879 3534 953 3595; x_wconf 91' lang='lat' dir='ltr'><strong>Plin.</strong></span> <span class='ocrx_word' id='word_1_307' title='bbox 983 3554 1012 3594; x_wconf 89' lang='lat' dir='ltr'><strong>n.</strong></span> <span class='ocrx_word' id='word_1_308' title='bbox 1034 3536 1062 3596; x_wconf 91' lang='lat' dir='ltr'><strong>h.</strong></span> <span class='ocrx_word' id='word_1_309' title='bbox 1087 3535 1115 3592; x_wconf 97' lang='lat' dir='ltr'>V</span> <span class='ocrx_word' id='word_1_310' title='bbox 1138 3537 1186 3609; x_wconf 87' lang='lat'><strong>32,</strong></span> <span class='ocrx_word' id='word_1_311' title='bbox 1212 3537 1269 3595; x_wconf 85' lang='lat'><strong>151</strong></span> 
     </span>
     <span class='ocr_line' id='line_1_34' title="bbox 126 3630 1268 3714; baseline -0.002 -16"><span class='ocrx_word' id='word_1_312' title='bbox 126 3649 194 3698; x_wconf 91' lang='lat' dir='ltr'><strong>tum</strong></span> <span class='ocrx_word' id='word_1_313' title='bbox 229 3636 277 3697; x_wconf 88' lang='lat' dir='ltr'><strong>Et.</strong></span> <span class='ocrx_word' id='word_1_314' title='bbox 312 3635 354 3695; x_wconf 91' lang='lat' dir='ltr'><strong>M.</strong></span> <span class='ocrx_word' id='word_1_315' title='bbox 384 3637 454 3696; x_wconf 90' lang='lat' dir='ltr'><strong>eod.</strong></span> <span class='ocrx_word' id='word_1_316' title='bbox 488 3635 577 3712; x_wconf 74' lang='lat' dir='ltr'><strong>Flor,</strong></span> <span class='ocrx_word' id='word_1_317' title='bbox 613 3636 644 3694; x_wconf 91' lang='lat' dir='ltr'><strong>in</strong></span> <span class='ocrx_word' id='word_1_318' title='bbox 677 3653 737 3710; x_wconf 92' lang='lat' dir='ltr'><strong>quo</strong></span> <span class='ocrx_word' id='word_1_319' title='bbox 772 3645 820 3694; x_wconf 90' lang='lat' dir='ltr'><strong>est</strong></span> <span class='ocrx_word' id='word_1_320' title='bbox 849 3630 1079 3710; x_wconf 85' lang='grc' dir='ltr'>Ἐλαφόνησος</span> <span class='ocrx_word' id='word_1_321' title='bbox 1111 3632 1163 3714; x_wconf 84' lang='lat' dir='ltr'><strong>(cl.</strong></span> <span class='ocrx_word' id='word_1_322' title='bbox 1195 3635 1268 3696; x_wconf 92' lang='lat' dir='ltr'><strong>Mill.</strong></span> 
     </span>
     <span class='ocr_line' id='line_1_35' title="bbox 126 3732 1271 3817; baseline -0.002 -20"><span class='ocrx_word' id='word_1_323' title='bbox 126 3760 157 3817; x_wconf 93' lang='lat' dir='ltr'><strong>p.</strong></span> <span class='ocrx_word' id='word_1_324' title='bbox 183 3734 266 3816; x_wconf 74' lang='lat'><strong>254).</strong></span> <span class='ocrx_word' id='word_1_325' title='bbox 291 3767 330 3778; x_wconf 92' lang='lat'><em>-</em></span> <span class='ocrx_word' id='word_1_326' title='bbox 353 3736 401 3795; x_wconf 91' lang='lat' dir='ltr'><strong>Et.</strong></span> <span class='ocrx_word' id='word_1_327' title='bbox 426 3736 468 3796; x_wconf 90' lang='lat' dir='ltr'><strong>M.</strong></span> <span class='ocrx_word' id='word_1_328' title='bbox 488 3739 536 3812; x_wconf 86' lang='grc'><strong>75,</strong></span> <span class='ocrx_word' id='word_1_329' title='bbox 560 3739 599 3796; x_wconf 87' lang='grc'><strong>26</strong></span> <span class='ocrx_word' id='word_1_330' title='bbox 620 3756 646 3796; x_wconf 88' lang='grc' dir='ltr'><strong>ν.</strong></span> <span class='ocrx_word' id='word_1_331' title='bbox 669 3732 874 3813; x_wconf 81' lang='grc' dir='ltr'>ἁμαδρυάδες</span> <span class='ocrx_word' id='word_1_332' title='bbox 895 3747 928 3795; x_wconf 91' lang='lat' dir='ltr'><strong>et</strong></span> <span class='ocrx_word' id='word_1_333' title='bbox 950 3737 1045 3797; x_wconf 92' lang='lat' dir='ltr'><strong>schol.</strong></span> <span class='ocrx_word' id='word_1_334' title='bbox 1068 3739 1125 3814; x_wconf 84' lang='lat' dir='ltr'><strong>Ap.</strong></span> <span class='ocrx_word' id='word_1_335' title='bbox 1148 3737 1177 3795; x_wconf 95' lang='lat' dir='ltr'><strong>II</strong></span> <span class='ocrx_word' id='word_1_336' title='bbox 1199 3737 1271 3806; x_wconf 87' lang='grc'><strong>477,</strong></span> 
     </span>
     <span class='ocr_line' id='line_1_36' title="bbox 126 3835 1270 3916; baseline -0.003 -18"><span class='ocrx_word' id='word_1_337' title='bbox 126 3841 180 3900; x_wconf 89' lang='lat' dir='ltr'><strong>ubi</strong></span> <span class='ocrx_word' id='word_1_338' title='bbox 203 3841 244 3898; x_wconf 90' lang='lat' dir='ltr'><strong>de</strong></span> <span class='ocrx_word' id='word_1_339' title='bbox 259 3837 387 3896; x_wconf 93' lang='lat' dir='ltr'><strong>Rhoeco</strong></span> <span class='ocrx_word' id='word_1_340' title='bbox 402 3835 515 3896; x_wconf 89' lang='lat' dir='ltr'><strong>Cnidio</strong></span> <span class='ocrx_word' id='word_1_341' title='bbox 537 3839 576 3896; x_wconf 91' lang='lat' dir='ltr'><strong>ab</strong></span> <span class='ocrx_word' id='word_1_342' title='bbox 598 3836 804 3912; x_wconf 78' lang='lat' dir='ltr'><strong>hamadryede</strong></span> <span class='ocrx_word' id='word_1_343' title='bbox 828 3847 953 3896; x_wconf 84' lang='lat' dir='ltr'><strong>caecato</strong></span> <span class='ocrx_word' id='word_1_344' title='bbox 976 3838 1084 3916; x_wconf 85' lang='lat' dir='ltr'><strong>agitur,</strong></span> <span class='ocrx_word' id='word_1_345' title='bbox 1107 3856 1186 3913; x_wconf 89' lang='lat' dir='ltr'><strong>quae</strong></span> <span class='ocrx_word' id='word_1_346' title='bbox 1201 3855 1270 3896; x_wconf 89' lang='lat' dir='ltr'><strong>nar-</strong></span> 
     </span>
     <span class='ocr_line' id='line_1_37' title="bbox 126 3939 1271 4015; baseline -0.003 -15"><span class='ocrx_word' id='word_1_347' title='bbox 126 3942 206 4000; x_wconf 87' lang='lat' dir='ltr'><strong>ratio</strong></span> <span class='ocrx_word' id='word_1_348' title='bbox 228 3941 319 4000; x_wconf 89' lang='lat' dir='ltr'><strong>etiam</strong></span> <span class='ocrx_word' id='word_1_349' title='bbox 351 3941 382 3997; x_wconf 91' lang='lat' dir='ltr'><strong>in</strong></span> <span class='ocrx_word' id='word_1_350' title='bbox 415 3939 509 4000; x_wconf 89' lang='lat' dir='ltr'><strong>schol.</strong></span> <span class='ocrx_word' id='word_1_351' title='bbox 545 3941 585 3999; x_wconf 94' lang='lat' dir='ltr'><strong>ad</strong></span> <span class='ocrx_word' id='word_1_352' title='bbox 607 3939 739 4000; x_wconf 89' lang='lat' dir='ltr'><strong>Theocr.</strong></span> <span class='ocrx_word' id='word_1_353' title='bbox 769 3939 811 3997; x_wconf 88' lang='grc' dir='ltr'><strong>ΙΙΙ</strong></span> <span class='ocrx_word' id='word_1_354' title='bbox 835 3943 873 3998; x_wconf 89' lang='grc'><strong>13</strong></span> <span class='ocrx_word' id='word_1_355' title='bbox 907 3939 1069 4015; x_wconf 84' lang='lat' dir='ltr'><strong>profertur,</strong></span> <span class='ocrx_word' id='word_1_356' title='bbox 1105 3939 1211 3998; x_wconf 84' lang='lat' dir='ltr'><strong>mirum</strong></span> <span class='ocrx_word' id='word_1_357' title='bbox 1240 3941 1271 3997; x_wconf 89' lang='lat' dir='ltr'><strong>in</strong></span> 
     </span>
     <span class='ocr_line' id='line_1_38' title="bbox 126 4039 1271 4116; baseline 0 -16"><span class='ocrx_word' id='word_1_358' title='bbox 126 4043 253 4100; x_wconf 89' lang='lat' dir='ltr'><strong>modum</strong></span> <span class='ocrx_word' id='word_1_359' title='bbox 275 4049 466 4114; x_wconf 84' lang='lat' dir='ltr'><strong>congruunt;</strong></span> <span class='ocrx_word' id='word_1_360' title='bbox 504 4057 566 4098; x_wconf 89' lang='lat' dir='ltr'><strong>uno</strong></span> <span class='ocrx_word' id='word_1_361' title='bbox 589 4047 691 4098; x_wconf 86' lang='lat' dir='ltr'><strong>autem</strong></span> <span class='ocrx_word' id='word_1_362' title='bbox 725 4041 794 4099; x_wconf 89' lang='lat' dir='ltr'><strong>loco</strong></span> <span class='ocrx_word' id='word_1_363' title='bbox 816 4041 1000 4116; x_wconf 84' lang='lat' dir='ltr'><strong>comparatis</strong></span> <span class='ocrx_word' id='word_1_364' title='bbox 1023 4039 1138 4098; x_wconf 90' lang='lat' dir='ltr'><strong>scholio</strong></span> <span class='ocrx_word' id='word_1_365' title='bbox 1172 4048 1203 4096; x_wconf 89' lang='lat' dir='ltr'><strong>et</strong></span> <span class='ocrx_word' id='word_1_366' title='bbox 1224 4041 1271 4101; x_wconf 88' lang='lat' dir='ltr'><strong>Et.</strong></span> 
     </span>
     <span class='ocr_line' id='line_1_39' title="bbox 127 4137 1271 4218; baseline 0 -16"><span class='ocrx_word' id='word_1_367' title='bbox 127 4144 171 4204; x_wconf 93' lang='lat' dir='ltr'><strong>M.</strong></span> <span class='ocrx_word' id='word_1_368' title='bbox 194 4161 231 4202; x_wconf 85' lang='lat' dir='ltr'><strong>ex</strong></span> <span class='ocrx_word' id='word_1_369' title='bbox 252 4150 382 4218; x_wconf 90' lang='lat' dir='ltr'><strong>utroque</strong></span> <span class='ocrx_word' id='word_1_370' title='bbox 402 4142 446 4199; x_wconf 87' lang='lat' dir='ltr'><strong>sic</strong></span> <span class='ocrx_word' id='word_1_371' title='bbox 468 4142 709 4218; x_wconf 89' lang='lat' dir='ltr'><strong>composuerim:</strong></span> <span class='ocrx_word' id='word_1_372' title='bbox 741 4138 787 4216; x_wconf 85' lang='grc' dir='ltr'><strong>ὡς</strong></span> <span class='ocrx_word' id='word_1_373' title='bbox 809 4139 845 4202; x_wconf 80' lang='grc' dir='ltr'><strong>δὲ</strong></span> <span class='ocrx_word' id='word_1_374' title='bbox 867 4138 991 4216; x_wconf 82' lang='grc' dir='ltr'>ἐκεῖνος</span> <span class='ocrx_word' id='word_1_375' title='bbox 1016 4137 1105 4215; x_wconf 80' lang='grc' dir='ltr'>ἠξίου</span> <span class='ocrx_word' id='word_1_376' title='bbox 1128 4138 1271 4214; x_wconf 81' lang='grc' dir='ltr'>ξυγγενέ-</span> 
     </span>
     <span class='ocr_line' id='line_1_40' title="bbox 126 4237 1271 4323; baseline -0.003 -17"><span class='ocrx_word' id='word_1_377' title='bbox 126 4246 205 4306; x_wconf 88' lang='grc' dir='ltr'>σθαι</span> <span class='ocrx_word' id='word_1_378' title='bbox 228 4240 320 4323; x_wconf 79' lang='grc' dir='ltr'>αὐτῄ,</span> <span class='ocrx_word' id='word_1_379' title='bbox 343 4239 509 4320; x_wconf 81' lang='grc' dir='ltr'>ἐπιζήμιον</span> <span class='ocrx_word' id='word_1_380' title='bbox 524 4241 581 4318; x_wconf 82' lang='grc' dir='ltr'><strong>μὲν</strong></span> <span class='ocrx_word' id='word_1_381' title='bbox 599 4239 709 4315; x_wconf 83' lang='grc' dir='ltr'>ἔλεγεν</span> <span class='ocrx_word' id='word_1_382' title='bbox 731 4237 934 4315; x_wconf 81' lang='grc' dir='ltr'>εἶναιτοῦτο,</span> <span class='ocrx_word' id='word_1_383' title='bbox 957 4237 1048 4316; x_wconf 85' lang='grc' dir='ltr'>ὅμως</span> <span class='ocrx_word' id='word_1_384' title='bbox 1062 4239 1098 4302; x_wconf 80' lang='grc' dir='ltr'><strong>δὲ</strong></span> <span class='ocrx_word' id='word_1_385' title='bbox 1112 4238 1271 4317; x_wconf 79' lang='grc' dir='ltr'>ὑπέσχετο</span> 
     </span>
     <span class='ocr_line' id='line_1_41' title="bbox 127 4339 1271 4422; baseline -0.003 -16"><span class='ocrx_word' id='word_1_386' title='bbox 127 4346 255 4406; x_wconf 80' lang='grc' dir='ltr'>δοῦναι·</span> <span class='ocrx_word' id='word_1_387' title='bbox 278 4340 488 4422; x_wconf 79' lang='grc' dir='ltr'>φυλάξασθαι</span> <span class='ocrx_word' id='word_1_388' title='bbox 507 4341 614 4420; x_wconf 87' lang='grc' dir='ltr'>μέντοι</span> <span class='ocrx_word' id='word_1_389' title='bbox 636 4362 672 4417; x_wconf 89' lang='grc' dir='ltr'>γε</span> <span class='ocrx_word' id='word_1_390' title='bbox 696 4340 810 4418; x_wconf 85' lang='grc' dir='ltr'>ἑτέρας</span> <span class='ocrx_word' id='word_1_391' title='bbox 831 4341 982 4419; x_wconf 88' lang='grc' dir='ltr'>γυναικὸς</span> <span class='ocrx_word' id='word_1_392' title='bbox 1006 4339 1131 4419; x_wconf 84' lang='grc' dir='ltr'>ὁμιλίαν</span> <span class='ocrx_word' id='word_1_393' title='bbox 1152 4342 1271 4420; x_wconf 86' lang='grc' dir='ltr'>παρήγ·</span> 
     </span>
     <span class='ocr_line' id='line_1_42' title="bbox 128 4447 242 4522; baseline -0.018 -12"><span class='ocrx_word' id='word_1_394' title='bbox 128 4447 242 4522; x_wconf 83' lang='grc' dir='ltr'>γειλεν.</span> 
     </span>
    </p>
   </div>
   <div class='ocr_carea' id='block_1_5' title="bbox 0 0 1478 4922">
    <p class='ocr_par' dir='ltr' id='par_1_5' title="bbox 0 0 1478 4922">
     <span class='ocr_line' id='line_1_43' title="bbox 0 0 1478 4922; baseline 0 0"><span class='ocrx_word' id='word_1_395' title='bbox 0 0 1478 4922; x_wconf 95' lang='lat' dir='ltr'><strong> </strong></span> 
     </span>
    </p>
   </div>
  </div>
 </body>
</html>
