<?xml version="1.0" encoding="UTF-8"?>
<!DOCTYPE html PUBLIC "-//W3C//DTD XHTML 1.0 Transitional//EN"
    "http://www.w3.org/TR/xhtml1/DTD/xhtml1-transitional.dtd">
<html xmlns="http://www.w3.org/1999/xhtml" xml:lang="en" lang="en">
 <head>
  <title>
</title>
<meta http-equiv="Content-Type" content="text/html;charset=utf-8" />
  <meta name='ocr-system' content='tesseract 3.04.00' />
  <meta name='ocr-capabilities' content='ocr_page ocr_carea ocr_par ocr_line ocrx_word'/>
</head>
<body>
  <div class='ocr_page' id='page_1' title='image "./descholiisinapo00bercgoog_0029.png"; bbox 0 0 2938 4922; ppageno 0'>
   <div class='ocr_carea' id='block_1_1' title="bbox 773 215 809 273">
    <p class='ocr_par' dir='ltr' id='par_1_1' title="bbox 773 215 809 273">
     <span class='ocr_line' id='line_1_1' title="bbox 773 215 809 273; baseline 0 0"><span class='ocrx_word' id='word_1_1' title='bbox 773 215 809 273; x_wconf 80' lang='grc'><strong>24</strong></span> 
     </span>
    </p>
   </div>
   <div class='ocr_carea' id='block_1_2' title="bbox 217 397 1362 1082">
    <p class='ocr_par' dir='ltr' id='par_1_2' title="bbox 624 397 950 474">
     <span class='ocr_line' id='line_1_2' title="bbox 624 397 950 474; baseline 0.003 -18"><span class='ocrx_word' id='word_1_2' title='bbox 624 397 724 456; x_wconf 78' lang='lat' dir='ltr'><strong>senor.</strong></span> <span class='ocrx_word' id='word_1_3' title='bbox 749 397 856 474; x_wconf 85' lang='lat' dir='ltr'><strong>Ap.11</strong></span> <span class='ocrx_word' id='word_1_4' title='bbox 879 398 950 457; x_wconf 79' lang='lat' dir='ltr'><strong>aaa.</strong></span> 
     </span>
    </p>

    <p class='ocr_par' dir='ltr' id='par_1_3' title="bbox 217 492 1362 1082">
     <span class='ocr_line' id='line_1_3' title="bbox 317 492 1362 579; baseline -0.003 -18"><span class='ocrx_word' id='word_1_5' title='bbox 317 498 435 579; x_wconf 68' lang='grc' dir='ltr'>,λισσῇ</span> <span class='ocrx_word' id='word_1_6' title='bbox 451 495 637 561; x_wconf 82' lang='grc' dir='ltr'>ἐπικέλσετε</span> <span class='ocrx_word' id='word_1_7' title='bbox 659 494 784 578; x_wconf 87' lang='grc' dir='ltr'>νήσῳ“’</span> <span class='ocrx_word' id='word_1_8' title='bbox 807 499 846 578; x_wconf 87' lang='grc' dir='ltr'>τῇ</span> <span class='ocrx_word' id='word_1_9' title='bbox 867 493 999 576; x_wconf 88' lang='grc' dir='ltr'>τραχείᾳ</span> <span class='ocrx_word' id='word_1_10' title='bbox 1014 493 1066 557; x_wconf 91' lang='grc' dir='ltr'>καὶ</span> <span class='ocrx_word' id='word_1_11' title='bbox 1080 492 1196 576; x_wconf 83' lang='grc' dir='ltr'>ὑψηλῇ.</span> <span class='ocrx_word' id='word_1_12' title='bbox 1211 495 1232 574; x_wconf 88' lang='grc' dir='ltr'>ἡ</span> <span class='ocrx_word' id='word_1_13' title='bbox 1246 496 1282 558; x_wconf 83' lang='grc' dir='ltr'><strong>δὲ</strong></span> <span class='ocrx_word' id='word_1_14' title='bbox 1304 499 1362 572; x_wconf 85' lang='grc' dir='ltr'>νῆ-</span> 
     </span>
     <span class='ocr_line' id='line_1_4' title="bbox 218 585 1360 680; baseline -0.002 -18"><span class='ocrx_word' id='word_1_15' title='bbox 218 612 279 676; x_wconf 91' lang='grc' dir='ltr'><strong>σος</strong></span> <span class='ocrx_word' id='word_1_16' title='bbox 302 599 442 662; x_wconf 84' lang='grc' dir='ltr'>καλεῖται</span> <span class='ocrx_word' id='word_1_17' title='bbox 463 585 619 675; x_wconf 84' lang='grc' dir='ltr'>Ἀρητιάς.</span> <span class='ocrx_word' id='word_1_18' title='bbox 656 597 692 662; x_wconf 87' lang='grc' dir='ltr'>έν</span> <span class='ocrx_word' id='word_1_19' title='bbox 715 597 750 662; x_wconf 83' lang='grc' dir='ltr'><strong>δὲ</strong></span> <span class='ocrx_word' id='word_1_20' title='bbox 773 596 872 679; x_wconf 88' lang='grc' dir='ltr'>ταύτῃ</span> <span class='ocrx_word' id='word_1_21' title='bbox 895 601 933 678; x_wconf 87' lang='grc' dir='ltr'>τῇ</span> <span class='ocrx_word' id='word_1_22' title='bbox 966 595 1057 680; x_wconf 85' lang='grc' dir='ltr'>νήσῳ</span> <span class='ocrx_word' id='word_1_23' title='bbox 1081 594 1114 660; x_wconf 86' lang='grc' dir='ltr'>αλ</span> <span class='ocrx_word' id='word_1_24' title='bbox 1135 596 1360 675; x_wconf 76' lang='grc' dir='ltr'>Στυμφαλίδες</span> 
     </span>
     <span class='ocr_line' id='line_1_5' title="bbox 217 688 1362 778; baseline -0.001 -15"><span class='ocrx_word' id='word_1_25' title='bbox 217 698 302 778; x_wconf 88' lang='grc' dir='ltr'>ἦσαν</span> <span class='ocrx_word' id='word_1_26' title='bbox 324 696 460 777; x_wconf 87' lang='grc' dir='ltr'>ὄρνιθες,</span> <span class='ocrx_word' id='word_1_27' title='bbox 483 696 547 762; x_wconf 85' lang='grc' dir='ltr'><strong>ἀπὸ</strong></span> <span class='ocrx_word' id='word_1_28' title='bbox 566 696 763 777; x_wconf 79' lang='grc' dir='ltr'>Στυμφάλου</span> <span class='ocrx_word' id='word_1_29' title='bbox 786 701 845 778; x_wconf 87' lang='grc' dir='ltr'>τῆς</span> <span class='ocrx_word' id='word_1_30' title='bbox 859 688 1030 777; x_wconf 81' lang='grc' dir='ltr'>’λρκαδίας</span> <span class='ocrx_word' id='word_1_31' title='bbox 1046 696 1174 777; x_wconf 90' lang='grc' dir='ltr'>πόλεως</span> <span class='ocrx_word' id='word_1_32' title='bbox 1189 697 1251 762; x_wconf 84' lang='grc' dir='ltr'><strong>ὑπὸ</strong></span> <span class='ocrx_word' id='word_1_33' title='bbox 1265 695 1362 776; x_wconf 87' lang='grc' dir='ltr'>Ἡρα·</span> 
     </span>
     <span class='ocr_line' id='line_1_6' title="bbox 218 798 1362 883; baseline 0 -19"><span class='ocrx_word' id='word_1_34' title='bbox 218 801 333 878; x_wconf 85' lang='grc' dir='ltr'>κλέους</span> <span class='ocrx_word' id='word_1_35' title='bbox 368 802 561 878; x_wconf 85' lang='grc' dir='ltr'>διωχθείσαι.</span> <span class='ocrx_word' id='word_1_36' title='bbox 596 799 632 864; x_wconf 90' lang='grc' dir='ltr'>ἐν</span> <span class='ocrx_word' id='word_1_37' title='bbox 664 799 763 882; x_wconf 85' lang='grc' dir='ltr'>ταύτῃ</span> <span class='ocrx_word' id='word_1_38' title='bbox 799 798 857 863; x_wconf 84' lang='grc' dir='ltr'>οὖν</span> <span class='ocrx_word' id='word_1_39' title='bbox 889 803 927 882; x_wconf 82' lang='grc' dir='ltr'>τῇ</span> <span class='ocrx_word' id='word_1_40' title='bbox 961 799 1062 882; x_wconf 86' lang='grc' dir='ltr'>νήσῳ,</span> <span class='ocrx_word' id='word_1_41' title='bbox 1098 799 1189 880; x_wconf 90' lang='grc' dir='ltr'>φησί,</span> <span class='ocrx_word' id='word_1_42' title='bbox 1222 799 1362 883; x_wconf 83' lang='grc' dir='ltr'>παντοίᾳ</span> 
     </span>
     <span class='ocr_line' id='line_1_7' title="bbox 217 899 1360 984; baseline 0 -17"><span class='ocrx_word' id='word_1_43' title='bbox 217 906 345 984; x_wconf 80' lang='grc' dir='ltr'>σπουδῇ</span> <span class='ocrx_word' id='word_1_44' title='bbox 368 901 556 981; x_wconf 86' lang='grc' dir='ltr'>κατάχθητε.</span> <span class='ocrx_word' id='word_1_45' title='bbox 591 901 656 966; x_wconf 85' lang='grc' dir='ltr'>ἐκεῖ</span> <span class='ocrx_word' id='word_1_46' title='bbox 678 901 739 980; x_wconf 88' lang='grc' dir='ltr'><strong>γάρ</strong></span> <span class='ocrx_word' id='word_1_47' title='bbox 761 900 835 980; x_wconf 81' lang='grc' dir='ltr'>ὑμῖν</span> <span class='ocrx_word' id='word_1_48' title='bbox 858 900 1092 980; x_wconf 86' lang='grc' dir='ltr'>έπιφανήσεταί</span> <span class='ocrx_word' id='word_1_49' title='bbox 1125 921 1174 980; x_wconf 90' lang='grc' dir='ltr'>τις</span> <span class='ocrx_word' id='word_1_50' title='bbox 1207 899 1360 980; x_wconf 82' lang='grc' dir='ltr'>ὠφέλεια.</span> 
     </span>
     <span class='ocr_line' id='line_1_8' title="bbox 218 991 1362 1082; baseline -0.002 -13"><span class='ocrx_word' id='word_1_51' title='bbox 218 1005 314 1082; x_wconf 92' lang='grc' dir='ltr'>λισσὴ</span> <span class='ocrx_word' id='word_1_52' title='bbox 332 1004 368 1069; x_wconf 85' lang='grc' dir='ltr'><strong>δὲ</strong></span> <span class='ocrx_word' id='word_1_53' title='bbox 382 1001 452 1068; x_wconf 89' lang='grc' dir='ltr'>ἀντὶ</span> <span class='ocrx_word' id='word_1_54' title='bbox 474 1006 532 1066; x_wconf 86' lang='grc' dir='ltr'>τοῦ</span> <span class='ocrx_word' id='word_1_55' title='bbox 557 1002 671 1082; x_wconf 86' lang='grc' dir='ltr'>ὁμαλή.</span> <span class='ocrx_word' id='word_1_56' title='bbox 687 1055 690 1068; x_wconf 80' lang='grc'>,</span> <span class='ocrx_word' id='word_1_57' title='bbox 706 991 856 1082; x_wconf 84' lang='grc' dir='ltr'>Ἀμερίας</span> <span class='ocrx_word' id='word_1_58' title='bbox 878 1003 914 1067; x_wconf 85' lang='grc' dir='ltr'><strong>δὲ</strong></span> <span class='ocrx_word' id='word_1_59' title='bbox 936 1001 972 1067; x_wconf 89' lang='grc' dir='ltr'>ἐν</span> <span class='ocrx_word' id='word_1_60' title='bbox 994 1001 1163 1082; x_wconf 87' lang='grc' dir='ltr'>Γλώσσαις</span> <span class='ocrx_word' id='word_1_61' title='bbox 1184 1002 1298 1067; x_wconf 89' lang='grc' dir='ltr'>λισσὸν</span> <span class='ocrx_word' id='word_1_62' title='bbox 1322 1002 1362 1067; x_wconf 91' lang='grc' dir='ltr'>τὸ</span> 
     </span>
    </p>
   </div>
   <div class='ocr_carea' id='block_1_3' title="bbox 217 1101 1454 1184">
    <p class='ocr_par' dir='ltr' id='par_1_4' title="bbox 217 1101 1454 1184">
     <span class='ocr_line' id='line_1_9' title="bbox 217 1101 1454 1184; baseline -0.003 -14"><span class='ocrx_word' id='word_1_63' title='bbox 217 1105 342 1184; x_wconf 83' lang='grc' dir='ltr'>ὑψηλὸν</span> <span class='ocrx_word' id='word_1_64' title='bbox 364 1101 572 1169; x_wconf 88' lang='grc' dir='ltr'>ἀποδίδωσιν.</span> <span class='ocrx_word' id='word_1_65' title='bbox 601 1102 651 1168; x_wconf 85' lang='grc' dir='ltr'>δ’τι</span> <span class='ocrx_word' id='word_1_66' title='bbox 666 1105 702 1168; x_wconf 85' lang='grc' dir='ltr'><strong>δὲ</strong></span> <span class='ocrx_word' id='word_1_67' title='bbox 716 1102 737 1180; x_wconf 88' lang='grc' dir='ltr'>ἡ</span> <span class='ocrx_word' id='word_1_68' title='bbox 751 1107 854 1182; x_wconf 86' lang='grc' dir='ltr'>νῆσος</span> <span class='ocrx_word' id='word_1_69' title='bbox 875 1102 956 1182; x_wconf 85' lang='grc' dir='ltr'>αὕτη</span> <span class='ocrx_word' id='word_1_70' title='bbox 979 1101 1111 1182; x_wconf 88' lang='grc' dir='ltr'>ὄρνιθας</span> <span class='ocrx_word' id='word_1_71' title='bbox 1134 1102 1198 1182; x_wconf 87' lang='grc' dir='ltr'>ἔχει</span> <span class='ocrx_word' id='word_1_72' title='bbox 1212 1103 1363 1170; x_wconf 83' lang='grc' dir='ltr'>τοξευοά-</span> <span class='ocrx_word' id='word_1_73' title='bbox 1453 1115 1454 1156; x_wconf 72' lang='grc' dir='ltr'>ῑ</span> 
     </span>
    </p>
   </div>
   <div class='ocr_carea' id='block_1_4' title="bbox 219 1203 1361 1290">
    <p class='ocr_par' dir='ltr' id='par_1_5' title="bbox 219 1203 1361 1290">
     <span class='ocr_line' id='line_1_10' title="bbox 219 1203 1361 1290; baseline -0.001 -19"><span class='ocrx_word' id='word_1_74' title='bbox 219 1221 282 1284; x_wconf 95' lang='grc' dir='ltr'>σας</span> <span class='ocrx_word' id='word_1_75' title='bbox 304 1208 372 1284; x_wconf 83' lang='grc' dir='ltr'>τοῖς</span> <span class='ocrx_word' id='word_1_76' title='bbox 393 1208 525 1284; x_wconf 85' lang='grc' dir='ltr'>πτεροῖς</span> <span class='ocrx_word' id='word_1_77' title='bbox 547 1204 594 1284; x_wconf 82' lang='grc' dir='ltr'><strong>ῶς</strong></span> <span class='ocrx_word' id='word_1_78' title='bbox 616 1206 743 1286; x_wconf 89' lang='grc' dir='ltr'>βέλεσιν</span> <span class='ocrx_word' id='word_1_79' title='bbox 764 1203 888 1284; x_wconf 82' lang='grc' dir='ltr'>ἱστορεῖ</span> <span class='ocrx_word' id='word_1_80' title='bbox 914 1204 966 1268; x_wconf 88' lang='grc' dir='ltr'>καὶ</span> <span class='ocrx_word' id='word_1_81' title='bbox 988 1203 1162 1284; x_wconf 82' lang='grc' dir='ltr'>Εὐριπίδης</span> <span class='ocrx_word' id='word_1_82' title='bbox 1184 1204 1219 1270; x_wconf 89' lang='grc' dir='ltr'>έν</span> <span class='ocrx_word' id='word_1_83' title='bbox 1241 1203 1361 1290; x_wconf 84' lang='grc' dir='ltr'>Φρίξῳ.</span> 
     </span>
    </p>
   </div>
   <div class='ocr_carea' id='block_1_5' title="bbox 200 1356 1455 1950">
    <p class='ocr_par' dir='ltr' id='par_1_6' title="bbox 200 1356 1455 1950">
     <span class='ocr_line' id='line_1_11' title="bbox 566 1356 1011 1437; baseline 0.009 -18"><span class='ocrx_word' id='word_1_84' title='bbox 566 1362 614 1424; x_wconf 80' lang='lat' dir='ltr'><strong>ut.</strong></span> <span class='ocrx_word' id='word_1_85' title='bbox 633 1362 675 1423; x_wconf 88' lang='lat' dir='ltr'><strong>M.</strong></span> <span class='ocrx_word' id='word_1_86' title='bbox 697 1364 768 1437; x_wconf 74' lang='lat' dir='ltr'><strong>aar,</strong></span> <span class='ocrx_word' id='word_1_87' title='bbox 792 1364 830 1422; x_wconf 73' lang='grc' dir='ltr'>τι</span> <span class='ocrx_word' id='word_1_88' title='bbox 854 1380 880 1420; x_wconf 85' lang='lat' dir='ltr'><strong>v.</strong></span> <span class='ocrx_word' id='word_1_89' title='bbox 904 1356 1011 1435; x_wconf 82' lang='grc' dir='ltr'>λισσή.</span> 
     </span>
     <span class='ocr_line' id='line_1_12' title="bbox 200 1456 1362 1546; baseline 0 -21"><span class='ocrx_word' id='word_1_90' title='bbox 200 1537 203 1546; x_wconf 35' lang='grc'><em>,</em></span> <span class='ocrx_word' id='word_1_91' title='bbox 317 1463 434 1544; x_wconf 78' lang='grc' dir='ltr'>,λισσῇ</span> <span class='ocrx_word' id='word_1_92' title='bbox 450 1460 633 1525; x_wconf 81' lang='grc' dir='ltr'>ἐπικέλσετε</span> <span class='ocrx_word' id='word_1_93' title='bbox 647 1456 771 1542; x_wconf 85' lang='grc' dir='ltr'>νήσῳ“·</span> <span class='ocrx_word' id='word_1_94' title='bbox 788 1459 905 1524; x_wconf 89' lang='grc' dir='ltr'>λισσὸν</span> <span class='ocrx_word' id='word_1_95' title='bbox 920 1459 957 1523; x_wconf 91' lang='grc' dir='ltr'>τὸ</span> <span class='ocrx_word' id='word_1_96' title='bbox 973 1458 1110 1538; x_wconf 87' lang='grc' dir='ltr'>ὁμαλόν·</span> <span class='ocrx_word' id='word_1_97' title='bbox 1131 1458 1220 1538; x_wconf 90' lang='grc' dir='ltr'>παρὰ</span> <span class='ocrx_word' id='word_1_98' title='bbox 1233 1459 1271 1523; x_wconf 89' lang='grc' dir='ltr'>τὸ</span> <span class='ocrx_word' id='word_1_99' title='bbox 1286 1457 1362 1525; x_wconf 88' lang='grc' dir='ltr'>λίαν</span> 
     </span>
     <span class='ocr_line' id='line_1_13' title="bbox 218 1559 1364 1641; baseline -0.001 -14"><span class='ocrx_word' id='word_1_100' title='bbox 218 1562 302 1627; x_wconf 84' lang='grc' dir='ltr'>ἴσον.</span> <span class='ocrx_word' id='word_1_101' title='bbox 346 1561 498 1641; x_wconf 88' lang='grc' dir='ltr'>Ἀμερίας</span> <span class='ocrx_word' id='word_1_102' title='bbox 520 1563 557 1626; x_wconf 82' lang='grc' dir='ltr'><strong>δέ</strong></span> <span class='ocrx_word' id='word_1_103' title='bbox 580 1560 632 1625; x_wconf 83' lang='grc' dir='ltr'><strong>ἐπὶ</strong></span> <span class='ocrx_word' id='word_1_104' title='bbox 653 1563 712 1625; x_wconf 79' lang='lat' dir='ltr'><strong>roh</strong></span> <span class='ocrx_word' id='word_1_105' title='bbox 734 1559 863 1639; x_wconf 81' lang='grc' dir='ltr'>ὑψηλοῦ</span> <span class='ocrx_word' id='word_1_106' title='bbox 888 1559 968 1624; x_wconf 86' lang='grc' dir='ltr'>αὐτὸ</span> <span class='ocrx_word' id='word_1_107' title='bbox 990 1559 1153 1641; x_wconf 88' lang='grc' dir='ltr'>λαμβάνει.</span> <span class='ocrx_word' id='word_1_108' title='bbox 1179 1559 1259 1639; x_wconf 90' lang='grc' dir='ltr'>αὕτη</span> <span class='ocrx_word' id='word_1_109' title='bbox 1282 1561 1364 1640; x_wconf 85' lang='grc' dir='ltr'><strong>δὲἡ</strong></span> 
     </span>
     <span class='ocr_line' id='line_1_14' title="bbox 219 1655 1455 1744; baseline -0.004 -14"><span class='ocrx_word' id='word_1_110' title='bbox 219 1669 323 1744; x_wconf 88' lang='grc' dir='ltr'>νῆσος</span> <span class='ocrx_word' id='word_1_111' title='bbox 347 1661 478 1743; x_wconf 86' lang='grc' dir='ltr'>ὄρνιθας</span> <span class='ocrx_word' id='word_1_112' title='bbox 499 1661 566 1741; x_wconf 80' lang='grc' dir='ltr'>ἔχει</span> <span class='ocrx_word' id='word_1_113' title='bbox 587 1661 787 1740; x_wconf 75' lang='grc' dir='ltr'>τοξευούσας</span> <span class='ocrx_word' id='word_1_114' title='bbox 822 1664 891 1741; x_wconf 84' lang='grc' dir='ltr'>τοῖς</span> <span class='ocrx_word' id='word_1_115' title='bbox 923 1665 1056 1741; x_wconf 83' lang='grc' dir='ltr'>πτεροῖς</span> <span class='ocrx_word' id='word_1_116' title='bbox 1082 1661 1127 1740; x_wconf 87' lang='grc' dir='ltr'><strong>ὡς</strong></span> <span class='ocrx_word' id='word_1_117' title='bbox 1151 1663 1267 1744; x_wconf 88' lang='grc' dir='ltr'>βέλεσι,</span> <span class='ocrx_word' id='word_1_118' title='bbox 1299 1662 1364 1742; x_wconf 88' lang='grc' dir='ltr'>τὰς</span> <span class='ocrx_word' id='word_1_119' title='bbox 1454 1655 1455 1666; x_wconf 72' lang='lat'><strong>.</strong></span> 
     </span>
     <span class='ocr_line' id='line_1_15' title="bbox 220 1759 1365 1845; baseline -0.001 -15"><span class='ocrx_word' id='word_1_120' title='bbox 220 1765 423 1845; x_wconf 89' lang='grc' dir='ltr'>καλουμένας</span> <span class='ocrx_word' id='word_1_121' title='bbox 446 1763 657 1843; x_wconf 87' lang='grc' dir='ltr'>Στυφελίδας.</span> <span class='ocrx_word' id='word_1_122' title='bbox 680 1763 753 1840; x_wconf 81' lang='grc' dir='ltr'><strong>ἡδὲ</strong></span> <span class='ocrx_word' id='word_1_123' title='bbox 768 1767 872 1842; x_wconf 80' lang='grc' dir='ltr'>νῆσος</span> <span class='ocrx_word' id='word_1_124' title='bbox 893 1765 1037 1828; x_wconf 84' lang='grc' dir='ltr'>καλεῖται</span> <span class='ocrx_word' id='word_1_125' title='bbox 1058 1759 1170 1843; x_wconf 82' lang='grc' dir='ltr'>Ἄρηα,</span> <span class='ocrx_word' id='word_1_126' title='bbox 1193 1763 1302 1842; x_wconf 81' lang='grc' dir='ltr'>ἐπειδὴ</span> <span class='ocrx_word' id='word_1_127' title='bbox 1326 1764 1365 1829; x_wconf 88' lang='grc' dir='ltr'>έν</span> 
     </span>
     <span class='ocr_line' id='line_1_16' title="bbox 219 1863 958 1950; baseline -0.005 -19"><span class='ocrx_word' id='word_1_128' title='bbox 219 1867 300 1950; x_wconf 84' lang='grc' dir='ltr'>αὐτῇ</span> <span class='ocrx_word' id='word_1_129' title='bbox 322 1867 411 1932; x_wconf 87' lang='grc' dir='ltr'>ἐστιν</span> <span class='ocrx_word' id='word_1_130' title='bbox 433 1866 693 1945; x_wconf 81' lang='grc' dir='ltr'>ἐπιφανέστατον</span> <span class='ocrx_word' id='word_1_131' title='bbox 715 1863 805 1944; x_wconf 88' lang='grc' dir='ltr'>ἱερὸν</span> <span class='ocrx_word' id='word_1_132' title='bbox 827 1864 958 1945; x_wconf 76' lang='grc' dir='ltr'>Ἄρηος.</span> 
     </span>
    </p>
   </div>
   <div class='ocr_carea' id='block_1_6' title="bbox 219 2021 1456 2305">
    <p class='ocr_par' dir='ltr' id='par_1_7' title="bbox 219 2021 1456 2305">
     <span class='ocr_line' id='line_1_17' title="bbox 219 2021 1365 2099; baseline -0.002 -15"><span class='ocrx_word' id='word_1_133' title='bbox 219 2021 420 2084; x_wconf 77' lang='lat' dir='ltr'><strong>Manifestum</strong></span> <span class='ocrx_word' id='word_1_134' title='bbox 442 2032 491 2081; x_wconf 87' lang='lat' dir='ltr'><strong>est</strong></span> <span class='ocrx_word' id='word_1_135' title='bbox 512 2023 720 2099; x_wconf 85' lang='lat' dir='ltr'><strong>etymologum</strong></span> <span class='ocrx_word' id='word_1_136' title='bbox 740 2023 799 2081; x_wconf 92' lang='lat' dir='ltr'><strong>hoc</strong></span> <span class='ocrx_word' id='word_1_137' title='bbox 823 2023 893 2082; x_wconf 93' lang='lat' dir='ltr'><strong>loco</strong></span> <span class='ocrx_word' id='word_1_138' title='bbox 915 2023 987 2080; x_wconf 91' lang='lat' dir='ltr'><strong>nihil</strong></span> <span class='ocrx_word' id='word_1_139' title='bbox 1002 2022 1061 2080; x_wconf 92' lang='lat' dir='ltr'><strong>nisi</strong></span> <span class='ocrx_word' id='word_1_140' title='bbox 1076 2023 1244 2081; x_wconf 89' lang='lat' dir='ltr'><strong>secundam</strong></span> <span class='ocrx_word' id='word_1_141' title='bbox 1265 2024 1365 2082; x_wconf 86' lang='lat' dir='ltr'><strong>nostri</strong></span> 
     </span>
     <span class='ocr_line' id='line_1_18' title="bbox 220 2125 1366 2201; baseline -0.001 -17"><span class='ocrx_word' id='word_1_142' title='bbox 220 2125 327 2185; x_wconf 93' lang='lat' dir='ltr'><strong>scholii</strong></span> <span class='ocrx_word' id='word_1_143' title='bbox 348 2134 467 2201; x_wconf 87' lang='lat' dir='ltr'><strong>partem</strong></span> <span class='ocrx_word' id='word_1_144' title='bbox 488 2125 519 2182; x_wconf 91' lang='lat' dir='ltr'><strong>in</strong></span> <span class='ocrx_word' id='word_1_145' title='bbox 542 2125 650 2184; x_wconf 91' lang='lat' dir='ltr'><strong>codice</strong></span> <span class='ocrx_word' id='word_1_146' title='bbox 672 2142 728 2182; x_wconf 91' lang='lat' dir='ltr'><strong>suo</strong></span> <span class='ocrx_word' id='word_1_147' title='bbox 751 2125 911 2197; x_wconf 81' lang='lat' dir='ltr'><strong>invenisse,</strong></span> <span class='ocrx_word' id='word_1_148' title='bbox 949 2132 981 2181; x_wconf 93' lang='lat' dir='ltr'><strong>et</strong></span> <span class='ocrx_word' id='word_1_149' title='bbox 1009 2125 1089 2182; x_wconf 87' lang='lat' dir='ltr'><strong>hanc</strong></span> <span class='ocrx_word' id='word_1_150' title='bbox 1118 2125 1242 2200; x_wconf 89' lang='lat' dir='ltr'><strong>quidem</strong></span> <span class='ocrx_word' id='word_1_151' title='bbox 1269 2125 1366 2201; x_wconf 88' lang='lat' dir='ltr'><strong>paulo</strong></span> 
     </span>
     <span class='ocr_line' id='line_1_19' title="bbox 219 2213 1456 2305; baseline -0.002 -17"><span class='ocrx_word' id='word_1_152' title='bbox 219 2228 386 2305; x_wconf 81' lang='lat' dir='ltr'>pleniorem</span> <span class='ocrx_word' id='word_1_153' title='bbox 415 2243 505 2303; x_wconf 91' lang='lat' dir='ltr'><strong>quam</strong></span> <span class='ocrx_word' id='word_1_154' title='bbox 535 2227 568 2283; x_wconf 92' lang='lat' dir='ltr'><strong>in</strong></span> <span class='ocrx_word' id='word_1_155' title='bbox 600 2234 706 2284; x_wconf 87' lang='lat' dir='ltr'><strong>nostra</strong></span> <span class='ocrx_word' id='word_1_156' title='bbox 735 2234 782 2284; x_wconf 91' lang='lat' dir='ltr'><strong>est</strong></span> <span class='ocrx_word' id='word_1_157' title='bbox 818 2225 1006 2285; x_wconf 83' lang='lat' dir='ltr'><strong>recensione.</strong></span> <span class='ocrx_word' id='word_1_158' title='bbox 1050 2225 1193 2285; x_wconf 90' lang='lat' dir='ltr'><strong>Scholion</strong></span> <span class='ocrx_word' id='word_1_159' title='bbox 1215 2227 1299 2301; x_wconf 91' lang='lat' dir='ltr'><strong>quod</strong></span> <span class='ocrx_word' id='word_1_160' title='bbox 1322 2228 1365 2285; x_wconf 92' lang='lat' dir='ltr'><strong>ad</strong></span> <span class='ocrx_word' id='word_1_161' title='bbox 1455 2213 1456 2274; x_wconf 58' lang='lat'><em>3</em></span> 
     </span>
    </p>
   </div>
   <div class='ocr_carea' id='block_1_7' title="bbox 220 2327 1367 2711">
    <p class='ocr_par' dir='ltr' id='par_1_8' title="bbox 220 2327 1367 2711">
     <span class='ocr_line' id='line_1_20' title="bbox 222 2327 1366 2404; baseline -0.003 -14"><span class='ocrx_word' id='word_1_162' title='bbox 222 2349 279 2390; x_wconf 90' lang='lat' dir='ltr'><strong>nos</strong></span> <span class='ocrx_word' id='word_1_163' title='bbox 302 2331 391 2400; x_wconf 84' lang='lat' dir='ltr'><strong>venit,</strong></span> <span class='ocrx_word' id='word_1_164' title='bbox 415 2349 479 2388; x_wconf 88' lang='lat' dir='ltr'><strong>non</strong></span> <span class='ocrx_word' id='word_1_165' title='bbox 500 2347 594 2388; x_wconf 91' lang='lat' dir='ltr'><strong>unum</strong></span> <span class='ocrx_word' id='word_1_166' title='bbox 615 2336 672 2400; x_wconf 90' lang='lat' dir='ltr'><strong>est,</strong></span> <span class='ocrx_word' id='word_1_167' title='bbox 696 2330 753 2387; x_wconf 86' lang='lat' dir='ltr'><strong>sed</strong></span> <span class='ocrx_word' id='word_1_168' title='bbox 775 2346 814 2386; x_wconf 88' lang='lat' dir='ltr'><strong>ex</strong></span> <span class='ocrx_word' id='word_1_169' title='bbox 837 2328 1041 2404; x_wconf 86' lang='lat' dir='ltr'><strong>compluribus</strong></span> <span class='ocrx_word' id='word_1_170' title='bbox 1058 2328 1238 2386; x_wconf 89' lang='lat' dir='ltr'><strong>conflatum:</strong></span> <span class='ocrx_word' id='word_1_171' title='bbox 1263 2327 1366 2386; x_wconf 88' lang='lat' dir='ltr'><strong>Primo</strong></span> 
     </span>
     <span class='ocr_line' id='line_1_21' title="bbox 220 2426 1367 2507; baseline -0.003 -15"><span class='ocrx_word' id='word_1_172' title='bbox 220 2436 290 2492; x_wconf 94' lang='lat' dir='ltr'><strong>loco</strong></span> <span class='ocrx_word' id='word_1_173' title='bbox 312 2433 459 2491; x_wconf 86' lang='lat' dir='ltr'><strong>hahemus</strong></span> <span class='ocrx_word' id='word_1_174' title='bbox 480 2431 763 2507; x_wconf 85' lang='lat' dir='ltr'><strong>interpretationem</strong></span> <span class='ocrx_word' id='word_1_175' title='bbox 786 2431 868 2489; x_wconf 91' lang='lat' dir='ltr'><strong>vocis</strong></span> <span class='ocrx_word' id='word_1_176' title='bbox 891 2426 1006 2505; x_wconf 87' lang='grc' dir='ltr'>λισσός</span> <span class='ocrx_word' id='word_1_177' title='bbox 1027 2439 1060 2488; x_wconf 88' lang='lat' dir='ltr'><strong>et</strong></span> <span class='ocrx_word' id='word_1_178' title='bbox 1074 2430 1309 2488; x_wconf 83' lang='lat' dir='ltr'><strong>adnotationem</strong></span> <span class='ocrx_word' id='word_1_179' title='bbox 1325 2431 1367 2489; x_wconf 85' lang='lat' dir='ltr'><strong>de</strong></span> 
     </span>
     <span class='ocr_line' id='line_1_22' title="bbox 220 2530 1365 2611; baseline -0.004 -18"><span class='ocrx_word' id='word_1_180' title='bbox 220 2535 366 2594; x_wconf 89' lang='lat' dir='ltr'><strong>Aretiade</strong></span> <span class='ocrx_word' id='word_1_181' title='bbox 387 2534 500 2611; x_wconf 79' lang='lat' dir='ltr'><strong>insula3</strong></span> <span class='ocrx_word' id='word_1_182' title='bbox 533 2533 670 2608; x_wconf 89' lang='lat' dir='ltr'><strong>sequitur</strong></span> <span class='ocrx_word' id='word_1_183' title='bbox 691 2530 892 2608; x_wconf 71' lang='lat' dir='ltr'><strong>paraphrasis</strong></span> <span class='ocrx_word' id='word_1_184' title='bbox 929 2541 960 2589; x_wconf 89' lang='lat' dir='ltr'><strong>et</strong></span> <span class='ocrx_word' id='word_1_185' title='bbox 983 2532 1098 2589; x_wconf 84' lang='lat' dir='ltr'><strong>deinde</strong></span> <span class='ocrx_word' id='word_1_186' title='bbox 1127 2532 1187 2589; x_wconf 90' lang='lat' dir='ltr'><strong>alia</strong></span> <span class='ocrx_word' id='word_1_187' title='bbox 1209 2549 1246 2588; x_wconf 91' lang='lat' dir='ltr'><strong>ac</strong></span> <span class='ocrx_word' id='word_1_188' title='bbox 1270 2549 1365 2608; x_wconf 89' lang='lat' dir='ltr'><strong>supra</strong></span> 
     </span>
     <span class='ocr_line' id='line_1_23' title="bbox 221 2631 1367 2711; baseline -0.003 -17"><span class='ocrx_word' id='word_1_189' title='bbox 221 2638 304 2696; x_wconf 91' lang='lat' dir='ltr'><strong>vocis</strong></span> <span class='ocrx_word' id='word_1_190' title='bbox 326 2631 442 2711; x_wconf 85' lang='grc' dir='ltr'>λισσός</span> <span class='ocrx_word' id='word_1_191' title='bbox 464 2635 674 2711; x_wconf 89' lang='lat' dir='ltr'><strong>interpretatio</strong></span> <span class='ocrx_word' id='word_1_192' title='bbox 693 2642 724 2691; x_wconf 88' lang='lat' dir='ltr'><strong>et</strong></span> <span class='ocrx_word' id='word_1_193' title='bbox 746 2635 848 2692; x_wconf 92' lang='lat' dir='ltr'><strong>denuo</strong></span> <span class='ocrx_word' id='word_1_194' title='bbox 883 2635 924 2691; x_wconf 91' lang='lat' dir='ltr'><strong>de</strong></span> <span class='ocrx_word' id='word_1_195' title='bbox 945 2633 1044 2690; x_wconf 91' lang='lat' dir='ltr'><strong>insula</strong></span> <span class='ocrx_word' id='word_1_196' title='bbox 1065 2633 1236 2694; x_wconf 87' lang='lat' dir='ltr'><strong>adnotatio.</strong></span> <span class='ocrx_word' id='word_1_197' title='bbox 1290 2632 1367 2691; x_wconf 89' lang='lat' dir='ltr'><strong>Pos-</strong></span> 
     </span>
    </p>
   </div>
   <div class='ocr_carea' id='block_1_8' title="bbox 221 2727 1457 2810">
    <p class='ocr_par' dir='ltr' id='par_1_9' title="bbox 221 2727 1457 2810">
     <span class='ocr_line' id='line_1_24' title="bbox 221 2727 1457 2810; baseline -0.004 -13"><span class='ocrx_word' id='word_1_198' title='bbox 221 2756 323 2797; x_wconf 91' lang='lat' dir='ltr'><strong>sumus</strong></span> <span class='ocrx_word' id='word_1_199' title='bbox 346 2738 440 2796; x_wconf 90' lang='lat' dir='ltr'><strong>etiam</strong></span> <span class='ocrx_word' id='word_1_200' title='bbox 466 2754 590 2795; x_wconf 87' lang='lat' dir='ltr'><strong>causam</strong></span> <span class='ocrx_word' id='word_1_201' title='bbox 614 2737 768 2810; x_wconf 86' lang='lat' dir='ltr'><strong>detegere,</strong></span> <span class='ocrx_word' id='word_1_202' title='bbox 792 2753 845 2794; x_wconf 89' lang='lat' dir='ltr'><strong>cur</strong></span> <span class='ocrx_word' id='word_1_203' title='bbox 866 2743 1002 2793; x_wconf 90' lang='lat' dir='ltr'><strong>nostrum</strong></span> <span class='ocrx_word' id='word_1_204' title='bbox 1025 2734 1163 2792; x_wconf 88' lang='lat' dir='ltr'><strong>scholion</strong></span> <span class='ocrx_word' id='word_1_205' title='bbox 1187 2734 1218 2791; x_wconf 90' lang='lat' dir='ltr'><strong>in</strong></span> <span class='ocrx_word' id='word_1_206' title='bbox 1239 2734 1300 2791; x_wconf 91' lang='lat' dir='ltr'><strong>fine</strong></span> <span class='ocrx_word' id='word_1_207' title='bbox 1325 2735 1366 2792; x_wconf 89' lang='lat' dir='ltr'><strong>sit</strong></span> <span class='ocrx_word' id='word_1_208' title='bbox 1456 2727 1457 2766; x_wconf 64' lang='lat' dir='ltr'><strong>t</strong></span> 
     </span>
    </p>
   </div>
   <div class='ocr_carea' id='block_1_9' title="bbox 166 2834 1369 4543">
    <p class='ocr_par' dir='ltr' id='par_1_10' title="bbox 169 2834 1368 3624">
     <span class='ocr_line' id='line_1_25' title="bbox 222 2834 1365 2916; baseline -0.006 -15"><span class='ocrx_word' id='word_1_209' title='bbox 222 2845 432 2901; x_wconf 90' lang='lat' dir='ltr'><strong>decurtatum:</strong></span> <span class='ocrx_word' id='word_1_210' title='bbox 455 2846 620 2916; x_wconf 86' lang='lat' dir='ltr'><strong>propterea</strong></span> <span class='ocrx_word' id='word_1_211' title='bbox 642 2837 726 2913; x_wconf 93' lang='lat' dir='ltr'><strong>quod</strong></span> <span class='ocrx_word' id='word_1_212' title='bbox 750 2837 859 2894; x_wconf 90' lang='lat' dir='ltr'><strong>iamin</strong></span> <span class='ocrx_word' id='word_1_213' title='bbox 882 2837 1037 2912; x_wconf 86' lang='lat' dir='ltr'><strong>superiore</strong></span> <span class='ocrx_word' id='word_1_214' title='bbox 1061 2834 1178 2894; x_wconf 90' lang='lat' dir='ltr'><strong>scholio</strong></span> <span class='ocrx_word' id='word_1_215' title='bbox 1201 2835 1365 2894; x_wconf 90' lang='lat' dir='ltr'><strong>adnotatio</strong></span> 
     </span>
     <span class='ocr_line' id='line_1_26' title="bbox 222 2936 1366 3011; baseline -0.006 -8"><span class='ocrx_word' id='word_1_216' title='bbox 222 2953 289 3003; x_wconf 90' lang='lat' dir='ltr'><strong>erat</strong></span> <span class='ocrx_word' id='word_1_217' title='bbox 310 2945 350 3000; x_wconf 90' lang='lat' dir='ltr'><strong>de</strong></span> <span class='ocrx_word' id='word_1_218' title='bbox 371 2942 488 3000; x_wconf 87' lang='lat' dir='ltr'><strong>insulae</strong></span> <span class='ocrx_word' id='word_1_219' title='bbox 509 2940 643 3011; x_wconf 90' lang='lat' dir='ltr'><strong>nomine,</strong></span> <span class='ocrx_word' id='word_1_220' title='bbox 666 2938 724 2996; x_wconf 95' lang='lat' dir='ltr'><strong>hoc</strong></span> <span class='ocrx_word' id='word_1_221' title='bbox 747 2938 816 2996; x_wconf 93' lang='lat' dir='ltr'><strong>loco</strong></span> <span class='ocrx_word' id='word_1_222' title='bbox 839 2938 952 2997; x_wconf 91' lang='lat' dir='ltr'><strong>omissa</strong></span> <span class='ocrx_word' id='word_1_223' title='bbox 976 2945 1021 2996; x_wconf 89' lang='lat' dir='ltr'><strong>est</strong></span> <span class='ocrx_word' id='word_1_224' title='bbox 1043 2936 1081 2994; x_wconf 89' lang='lat' dir='ltr'><strong>ab</strong></span> <span class='ocrx_word' id='word_1_225' title='bbox 1105 2954 1153 3007; x_wconf 87' lang='lat' dir='ltr'><strong>eo,</strong></span> <span class='ocrx_word' id='word_1_226' title='bbox 1184 2937 1235 3011; x_wconf 92' lang='lat' dir='ltr'><strong>qui</strong></span> <span class='ocrx_word' id='word_1_227' title='bbox 1256 2945 1366 2996; x_wconf 90' lang='lat' dir='ltr'><strong>nostra</strong></span> 
     </span>
     <span class='ocr_line' id='line_1_27' title="bbox 222 3031 1365 3120; baseline -0.007 -15"><span class='ocrx_word' id='word_1_228' title='bbox 222 3045 338 3105; x_wconf 91' lang='lat' dir='ltr'><strong>scholia</strong></span> <span class='ocrx_word' id='word_1_229' title='bbox 360 3044 540 3120; x_wconf 88' lang='lat' dir='ltr'><strong>composuit,</strong></span> <span class='ocrx_word' id='word_1_230' title='bbox 562 3058 624 3099; x_wconf 91' lang='lat' dir='ltr'><strong>una</strong></span> <span class='ocrx_word' id='word_1_231' title='bbox 646 3058 717 3098; x_wconf 93' lang='lat' dir='ltr'><strong>cum</strong></span> <span class='ocrx_word' id='word_1_232' title='bbox 739 3040 954 3098; x_wconf 88' lang='lat' dir='ltr'><strong>observatione</strong></span> <span class='ocrx_word' id='word_1_233' title='bbox 970 3041 1010 3096; x_wconf 93' lang='lat' dir='ltr'><strong>de</strong></span> <span class='ocrx_word' id='word_1_234' title='bbox 1024 3031 1132 3098; x_wconf 88' lang='lat' dir='ltr'><strong>Martis</strong></span> <span class='ocrx_word' id='word_1_235' title='bbox 1155 3055 1252 3112; x_wconf 89' lang='lat' dir='ltr'><strong>sacro,</strong></span> <span class='ocrx_word' id='word_1_236' title='bbox 1277 3040 1365 3097; x_wconf 89' lang='lat' dir='ltr'><strong>unde</strong></span> 
     </span>
     <span class='ocr_line' id='line_1_28' title="bbox 222 3136 1368 3226; baseline -0.007 -20"><span class='ocrx_word' id='word_1_237' title='bbox 222 3148 321 3206; x_wconf 85' lang='lat' dir='ltr'><strong>insula</strong></span> <span class='ocrx_word' id='word_1_238' title='bbox 343 3146 394 3204; x_wconf 91' lang='lat' dir='ltr'><strong>illa</strong></span> <span class='ocrx_word' id='word_1_239' title='bbox 417 3161 529 3202; x_wconf 89' lang='lat' dir='ltr'><strong>nomen</strong></span> <span class='ocrx_word' id='word_1_240' title='bbox 550 3142 641 3218; x_wconf 87' lang='lat' dir='ltr'><strong>cepit.</strong></span> <span class='ocrx_word' id='word_1_241' title='bbox 686 3140 763 3199; x_wconf 91' lang='lat' dir='ltr'><strong>Cum</strong></span> <span class='ocrx_word' id='word_1_242' title='bbox 785 3141 867 3199; x_wconf 92' lang='lat' dir='ltr'><strong>vocis</strong></span> <span class='ocrx_word' id='word_1_243' title='bbox 895 3136 1011 3226; x_wconf 77' lang='grc' dir='ltr'>λισσός</span> <span class='ocrx_word' id='word_1_244' title='bbox 1032 3140 1148 3215; x_wconf 86' lang='lat' dir='ltr'><strong>origine</strong></span> <span class='ocrx_word' id='word_1_245' title='bbox 1171 3139 1219 3197; x_wconf 94' lang='lat' dir='ltr'><strong>hic</strong></span> <span class='ocrx_word' id='word_1_246' title='bbox 1245 3141 1368 3215; x_wconf 90' lang='lat' dir='ltr'><strong>prolata</strong></span> 
     </span>
     <span class='ocr_line' id='line_1_29' title="bbox 169 3237 1368 3328; baseline -0.006 -21"><span class='ocrx_word' id='word_1_247' title='bbox 169 3237 173 3243; x_wconf 63' lang='grc'>’</span> <span class='ocrx_word' id='word_1_248' title='bbox 222 3245 255 3328; x_wconf 83' lang='lat' dir='ltr'><strong>(a</strong></span> <span class='ocrx_word' id='word_1_249' title='bbox 276 3244 351 3309; x_wconf 90' lang='grc' dir='ltr'>λίαν</span> <span class='ocrx_word' id='word_1_250' title='bbox 371 3255 402 3305; x_wconf 88' lang='lat' dir='ltr'><strong>et</strong></span> <span class='ocrx_word' id='word_1_251' title='bbox 422 3237 520 3322; x_wconf 82' lang='grc' dir='ltr'>ἴσος),</span> <span class='ocrx_word' id='word_1_252' title='bbox 548 3253 672 3320; x_wconf 89' lang='lat' dir='ltr'><strong>propter</strong></span> <span class='ocrx_word' id='word_1_253' title='bbox 701 3260 793 3317; x_wconf 88' lang='lat' dir='ltr'><strong>quam</strong></span> <span class='ocrx_word' id='word_1_254' title='bbox 820 3243 1011 3316; x_wconf 84' lang='lat' dir='ltr'><strong>etymologus</strong></span> <span class='ocrx_word' id='word_1_255' title='bbox 1032 3250 1129 3300; x_wconf 91' lang='lat' dir='ltr'><strong>toturn</strong></span> <span class='ocrx_word' id='word_1_256' title='bbox 1151 3241 1233 3300; x_wconf 89' lang='lat' dir='ltr'><strong>hunc</strong></span> <span class='ocrx_word' id='word_1_257' title='bbox 1262 3243 1368 3301; x_wconf 90' lang='lat' dir='ltr'><strong>locum</strong></span> 
     </span>
     <span class='ocr_line' id='line_1_30' title="bbox 222 3338 1367 3426; baseline -0.005 -18"><span class='ocrx_word' id='word_1_258' title='bbox 222 3349 388 3426; x_wconf 83' lang='lat' dir='ltr'><strong>exscripsit,</strong></span> <span class='ocrx_word' id='word_1_259' title='bbox 422 3345 527 3405; x_wconf 86' lang='lat' dir='ltr'><strong>confer</strong></span> <span class='ocrx_word' id='word_1_260' title='bbox 547 3345 578 3402; x_wconf 91' lang='lat' dir='ltr'><strong>in</strong></span> <span class='ocrx_word' id='word_1_261' title='bbox 601 3345 694 3403; x_wconf 92' lang='lat' dir='ltr'><strong>schol.</strong></span> <span class='ocrx_word' id='word_1_262' title='bbox 718 3344 776 3419; x_wconf 92' lang='lat' dir='ltr'><strong>Ap.</strong></span> <span class='ocrx_word' id='word_1_263' title='bbox 801 3344 817 3402; x_wconf 95' lang='lat' dir='ltr'>I</span> <span class='ocrx_word' id='word_1_264' title='bbox 841 3345 900 3401; x_wconf 85' lang='grc'><strong>456</strong></span> <span class='ocrx_word' id='word_1_265' title='bbox 939 3343 1019 3401; x_wconf 92' lang='lat' dir='ltr'><strong>vocis</strong></span> <span class='ocrx_word' id='word_1_266' title='bbox 1042 3338 1142 3418; x_wconf 75' lang='lat' dir='ltr'><strong>hophu</strong></span> <span class='ocrx_word' id='word_1_267' title='bbox 1166 3344 1367 3420; x_wconf 92' lang='lat' dir='ltr'><strong>veriloquium</strong></span> 
     </span>
     <span class='ocr_line' id='line_1_31' title="bbox 222 3439 1367 3524; baseline -0.003 -15"><span class='ocrx_word' id='word_1_268' title='bbox 222 3444 322 3524; x_wconf 88' lang='grc' dir='ltr'>(παρά</span> <span class='ocrx_word' id='word_1_269' title='bbox 343 3443 381 3507; x_wconf 89' lang='grc' dir='ltr'>τὸ</span> <span class='ocrx_word' id='word_1_270' title='bbox 396 3443 470 3508; x_wconf 93' lang='grc' dir='ltr'>λίαν</span> <span class='ocrx_word' id='word_1_271' title='bbox 490 3439 635 3522; x_wconf 86' lang='grc' dir='ltr'>ἀρηρός).</span> <span class='ocrx_word' id='word_1_272' title='bbox 686 3445 781 3518; x_wconf 88' lang='lat' dir='ltr'><strong>Quod</strong></span> <span class='ocrx_word' id='word_1_273' title='bbox 808 3446 839 3502; x_wconf 88' lang='lat' dir='ltr'><strong>in</strong></span> <span class='ocrx_word' id='word_1_274' title='bbox 861 3445 909 3504; x_wconf 89' lang='lat' dir='ltr'><strong>Et.</strong></span> <span class='ocrx_word' id='word_1_275' title='bbox 932 3444 974 3504; x_wconf 89' lang='lat' dir='ltr'><strong>M.</strong></span> <span class='ocrx_word' id='word_1_276' title='bbox 999 3444 1120 3520; x_wconf 83' lang='lat' dir='ltr'><strong>legitur:</strong></span> <span class='ocrx_word' id='word_1_277' title='bbox 1161 3440 1179 3519; x_wconf 87' lang='grc' dir='ltr'><strong>ἡ</strong></span> <span class='ocrx_word' id='word_1_278' title='bbox 1202 3443 1238 3506; x_wconf 84' lang='grc' dir='ltr'><strong>δὲ</strong></span> <span class='ocrx_word' id='word_1_279' title='bbox 1258 3447 1367 3523; x_wconf 83' lang='grc' dir='ltr'>νῆσος</span> 
     </span>
     <span class='ocr_line' id='line_1_32' title="bbox 221 3541 1367 3624; baseline -0.004 -14"><span class='ocrx_word' id='word_1_280' title='bbox 221 3548 361 3610; x_wconf 81' lang='grc' dir='ltr'>καλεῖται</span> <span class='ocrx_word' id='word_1_281' title='bbox 383 3541 518 3623; x_wconf 80' lang='grc' dir='ltr'>Ἄρηα,</span> <span class='ocrx_word' id='word_1_282' title='bbox 554 3555 655 3623; x_wconf 89' lang='lat' dir='ltr'><strong>potest</strong></span> <span class='ocrx_word' id='word_1_283' title='bbox 688 3554 788 3604; x_wconf 93' lang='lat' dir='ltr'><strong>ortum</strong></span> <span class='ocrx_word' id='word_1_284' title='bbox 823 3564 888 3604; x_wconf 89' lang='lat' dir='ltr'><strong>esse</strong></span> <span class='ocrx_word' id='word_1_285' title='bbox 920 3564 957 3602; x_wconf 85' lang='lat' dir='ltr'><strong>ex</strong></span> <span class='ocrx_word' id='word_1_286' title='bbox 983 3541 1132 3622; x_wconf 86' lang='grc' dir='ltr'>Ἀρητιάς</span> <span class='ocrx_word' id='word_1_287' title='bbox 1164 3543 1220 3622; x_wconf 87' lang='lat' dir='ltr'><strong>(sic</strong></span> <span class='ocrx_word' id='word_1_288' title='bbox 1243 3563 1367 3624; x_wconf 87' lang='lat' dir='ltr'><strong>semper</strong></span> 
     </span>
    </p>

    <p class='ocr_par' dir='ltr' id='par_1_11' title="bbox 166 3647 1369 4543">
     <span class='ocr_line' id='line_1_33' title="bbox 221 3647 1367 3723; baseline 0 -14"><span class='ocrx_word' id='word_1_289' title='bbox 221 3652 320 3710; x_wconf 89' lang='lat' dir='ltr'><strong>insula</strong></span> <span class='ocrx_word' id='word_1_290' title='bbox 341 3649 514 3708; x_wconf 90' lang='lat' dir='ltr'><strong>nominatur</strong></span> <span class='ocrx_word' id='word_1_291' title='bbox 534 3649 565 3706; x_wconf 91' lang='lat' dir='ltr'><strong>in</strong></span> <span class='ocrx_word' id='word_1_292' title='bbox 579 3648 743 3723; x_wconf 85' lang='lat' dir='ltr'><strong>Apollonio</strong></span> <span class='ocrx_word' id='word_1_293' title='bbox 766 3657 798 3704; x_wconf 85' lang='lat' dir='ltr'><strong>et</strong></span> <span class='ocrx_word' id='word_1_294' title='bbox 818 3647 940 3706; x_wconf 90' lang='lat' dir='ltr'><strong>scholiis</strong></span> <span class='ocrx_word' id='word_1_295' title='bbox 955 3648 1094 3722; x_wconf 88' lang='lat' dir='ltr'><strong>nostris);</strong></span> <span class='ocrx_word' id='word_1_296' title='bbox 1117 3648 1245 3706; x_wconf 88' lang='lat' dir='ltr'><strong>sortasse</strong></span> <span class='ocrx_word' id='word_1_297' title='bbox 1261 3657 1367 3710; x_wconf 85' lang='lat' dir='ltr'><strong>autem</strong></span> 
     </span>
     <span class='ocr_line' id='line_1_34' title="bbox 166 3729 1367 3827; baseline -0.001 -16"><span class='ocrx_word' id='word_1_298' title='bbox 166 3729 170 3740; x_wconf 28' lang='grc' dir='ltr'>ι</span> <span class='ocrx_word' id='word_1_299' title='bbox 223 3754 305 3812; x_wconf 89' lang='lat' dir='ltr'><strong>aliud</strong></span> <span class='ocrx_word' id='word_1_300' title='bbox 327 3752 415 3808; x_wconf 92' lang='lat' dir='ltr'><strong>huius</strong></span> <span class='ocrx_word' id='word_1_301' title='bbox 436 3751 554 3808; x_wconf 88' lang='lat' dir='ltr'><strong>insulae</strong></span> <span class='ocrx_word' id='word_1_302' title='bbox 575 3767 688 3807; x_wconf 88' lang='lat' dir='ltr'><strong>nomen</strong></span> <span class='ocrx_word' id='word_1_303' title='bbox 711 3750 824 3823; x_wconf 86' lang='lat' dir='ltr'><strong>subest,</strong></span> <span class='ocrx_word' id='word_1_304' title='bbox 849 3750 962 3825; x_wconf 90' lang='lat' dir='ltr'><strong>quippe</strong></span> <span class='ocrx_word' id='word_1_305' title='bbox 978 3767 1070 3824; x_wconf 92' lang='lat' dir='ltr'><strong>quam</strong></span> <span class='ocrx_word' id='word_1_306' title='bbox 1081 3751 1193 3808; x_wconf 88' lang='lat' dir='ltr'><strong>Aream</strong></span> <span class='ocrx_word' id='word_1_307' title='bbox 1208 3750 1367 3827; x_wconf 87' lang='lat' dir='ltr'><strong>appellent</strong></span> 
     </span>
     <span class='ocr_line' id='line_1_35' title="bbox 222 3849 1368 3928; baseline -0.001 -17"><span class='ocrx_word' id='word_1_308' title='bbox 222 3853 296 3914; x_wconf 90' lang='lat' dir='ltr'><strong>Plin.</strong></span> <span class='ocrx_word' id='word_1_309' title='bbox 319 3871 349 3910; x_wconf 93' lang='lat' dir='ltr'><strong>n.</strong></span> <span class='ocrx_word' id='word_1_310' title='bbox 372 3852 402 3911; x_wconf 91' lang='lat' dir='ltr'><strong>h.</strong></span> <span class='ocrx_word' id='word_1_311' title='bbox 426 3850 469 3908; x_wconf 91' lang='lat' dir='ltr'><strong>VI</strong></span> <span class='ocrx_word' id='word_1_312' title='bbox 497 3852 545 3928; x_wconf 83' lang='lat'><strong>12,</strong></span> <span class='ocrx_word' id='word_1_313' title='bbox 560 3853 606 3910; x_wconf 77' lang='lat'><strong>32</strong></span> <span class='ocrx_word' id='word_1_314' title='bbox 631 3859 663 3908; x_wconf 91' lang='lat' dir='ltr'><strong>et</strong></span> <span class='ocrx_word' id='word_1_315' title='bbox 685 3851 766 3908; x_wconf 89' lang='lat' dir='ltr'><strong>Mela</strong></span> <span class='ocrx_word' id='word_1_316' title='bbox 788 3853 816 3919; x_wconf 80' lang='lat'><strong>2,</strong></span> <span class='ocrx_word' id='word_1_317' title='bbox 842 3852 867 3925; x_wconf 84' lang='lat'><strong>7,</strong></span> <span class='ocrx_word' id='word_1_318' title='bbox 892 3853 919 3910; x_wconf 84' lang='lat'><strong>2.</strong></span> <span class='ocrx_word' id='word_1_319' title='bbox 943 3881 981 3890; x_wconf 91' lang='lat'><em>-</em></span> <span class='ocrx_word' id='word_1_320' title='bbox 1006 3849 1101 3909; x_wconf 87' lang='lat' dir='ltr'><strong>Plane</strong></span> <span class='ocrx_word' id='word_1_321' title='bbox 1136 3852 1248 3909; x_wconf 88' lang='lat' dir='ltr'><strong>eodem</strong></span> <span class='ocrx_word' id='word_1_322' title='bbox 1270 3854 1368 3910; x_wconf 93' lang='lat' dir='ltr'><strong>modo</strong></span> 
     </span>
     <span class='ocr_line' id='line_1_36' title="bbox 223 3948 1368 4030; baseline 0 -18"><span class='ocrx_word' id='word_1_323' title='bbox 223 3973 270 4014; x_wconf 91' lang='lat' dir='ltr'><strong>res</strong></span> <span class='ocrx_word' id='word_1_324' title='bbox 295 3973 328 4014; x_wconf 87' lang='lat' dir='ltr'><strong>se</strong></span> <span class='ocrx_word' id='word_1_325' title='bbox 351 3955 444 4014; x_wconf 83' lang='lat' dir='ltr'><strong>habet</strong></span> <span class='ocrx_word' id='word_1_326' title='bbox 465 3955 497 4011; x_wconf 88' lang='lat' dir='ltr'><strong>in</strong></span> <span class='ocrx_word' id='word_1_327' title='bbox 519 3953 567 4012; x_wconf 87' lang='lat' dir='ltr'><strong>Et.</strong></span> <span class='ocrx_word' id='word_1_328' title='bbox 589 3952 632 4012; x_wconf 91' lang='lat' dir='ltr'><strong>M.</strong></span> <span class='ocrx_word' id='word_1_329' title='bbox 656 3955 706 4027; x_wconf 79' lang='lat' dir='ltr'><strong>tr,</strong></span> <span class='ocrx_word' id='word_1_330' title='bbox 729 3956 769 4012; x_wconf 81' lang='lat'><strong>45</strong></span> <span class='ocrx_word' id='word_1_331' title='bbox 804 3971 830 4012; x_wconf 91' lang='lat' dir='ltr'><strong>v.</strong></span> <span class='ocrx_word' id='word_1_332' title='bbox 851 3948 1054 4028; x_wconf 85' lang='grc' dir='ltr'>Ἀμαραντάς</span> <span class='ocrx_word' id='word_1_333' title='bbox 1087 3962 1119 4011; x_wconf 91' lang='lat' dir='ltr'><strong>et</strong></span> <span class='ocrx_word' id='word_1_334' title='bbox 1142 3952 1234 4012; x_wconf 89' lang='lat' dir='ltr'><strong>schol.</strong></span> <span class='ocrx_word' id='word_1_335' title='bbox 1255 3954 1316 4030; x_wconf 90' lang='lat' dir='ltr'><strong>Ap.</strong></span> <span class='ocrx_word' id='word_1_336' title='bbox 1340 3955 1368 4012; x_wconf 88' lang='lat'><strong>11</strong></span> 
     </span>
     <span class='ocr_line' id='line_1_37' title="bbox 224 4054 1368 4135; baseline -0.004 -17"><span class='ocrx_word' id='word_1_337' title='bbox 224 4060 296 4127; x_wconf 85' lang='lat'><strong>399,</strong></span> <span class='ocrx_word' id='word_1_338' title='bbox 319 4058 405 4133; x_wconf 90' lang='lat' dir='ltr'><strong>quod</strong></span> <span class='ocrx_word' id='word_1_339' title='bbox 428 4055 565 4114; x_wconf 91' lang='lat' dir='ltr'><strong>scholion</strong></span> <span class='ocrx_word' id='word_1_340' title='bbox 587 4071 691 4112; x_wconf 91' lang='lat' dir='ltr'><strong>rursus</strong></span> <span class='ocrx_word' id='word_1_341' title='bbox 713 4072 750 4111; x_wconf 89' lang='lat' dir='ltr'><strong>ex</strong></span> <span class='ocrx_word' id='word_1_342' title='bbox 773 4055 893 4112; x_wconf 90' lang='lat' dir='ltr'><strong>duabus</strong></span> <span class='ocrx_word' id='word_1_343' title='bbox 915 4054 1050 4129; x_wconf 86' lang='lat' dir='ltr'><strong>partibus</strong></span> <span class='ocrx_word' id='word_1_344' title='bbox 1079 4054 1277 4135; x_wconf 82' lang='lat' dir='ltr'><strong>coniunctum</strong></span> <span class='ocrx_word' id='word_1_345' title='bbox 1309 4063 1368 4130; x_wconf 87' lang='lat' dir='ltr'><strong>est,</strong></span> 
     </span>
     <span class='ocr_line' id='line_1_38' title="bbox 223 4154 1368 4230; baseline -0.003 -12"><span class='ocrx_word' id='word_1_346' title='bbox 223 4159 309 4218; x_wconf 92' lang='lat' dir='ltr'><strong>cuius</strong></span> <span class='ocrx_word' id='word_1_347' title='bbox 332 4159 501 4216; x_wconf 89' lang='lat' dir='ltr'><strong>secundam</strong></span> <span class='ocrx_word' id='word_1_348' title='bbox 523 4162 641 4214; x_wconf 90' lang='lat' dir='ltr'><strong>tantum</strong></span> <span class='ocrx_word' id='word_1_349' title='bbox 664 4156 855 4230; x_wconf 80' lang='lat' dir='ltr'><strong>etymologus</strong></span> <span class='ocrx_word' id='word_1_350' title='bbox 878 4156 909 4212; x_wconf 92' lang='lat' dir='ltr'><strong>in</strong></span> <span class='ocrx_word' id='word_1_351' title='bbox 925 4154 1031 4213; x_wconf 90' lang='lat' dir='ltr'><strong>codice</strong></span> <span class='ocrx_word' id='word_1_352' title='bbox 1047 4172 1104 4213; x_wconf 92' lang='lat' dir='ltr'><strong>suo</strong></span> <span class='ocrx_word' id='word_1_353' title='bbox 1118 4155 1242 4213; x_wconf 88' lang='lat' dir='ltr'><strong>invenit.</strong></span> <span class='ocrx_word' id='word_1_354' title='bbox 1276 4154 1368 4228; x_wconf 86' lang='lat' dir='ltr'><strong>Quae</strong></span> 
     </span>
     <span class='ocr_line' id='line_1_39' title="bbox 224 4241 1369 4335; baseline -0.003 -17"><span class='ocrx_word' id='word_1_355' title='bbox 224 4266 391 4335; x_wconf 89' lang='lat' dir='ltr'><strong>sequuntur</strong></span> <span class='ocrx_word' id='word_1_356' title='bbox 412 4258 453 4314; x_wconf 92' lang='lat' dir='ltr'><strong>de</strong></span> <span class='ocrx_word' id='word_1_357' title='bbox 473 4265 603 4316; x_wconf 86' lang='lat' dir='ltr'><strong>accentu</strong></span> <span class='ocrx_word' id='word_1_358' title='bbox 623 4256 705 4314; x_wconf 93' lang='lat' dir='ltr'><strong>vocis</strong></span> <span class='ocrx_word' id='word_1_359' title='bbox 727 4241 910 4331; x_wconf 84' lang='grc' dir='ltr'>Ἀμαραντά</span> <span class='ocrx_word' id='word_1_360' title='bbox 938 4263 1045 4316; x_wconf 88' lang='lat' dir='ltr'><strong>notata</strong></span> <span class='ocrx_word' id='word_1_361' title='bbox 1077 4274 1141 4315; x_wconf 90' lang='lat' dir='ltr'><strong>non</strong></span> <span class='ocrx_word' id='word_1_362' title='bbox 1173 4257 1369 4316; x_wconf 90' lang='lat' dir='ltr'><strong>inveniuntur</strong></span> 
     </span>
     <span class='ocr_line' id='line_1_40' title="bbox 225 4358 1369 4433; baseline -0.002 -13"><span class='ocrx_word' id='word_1_363' title='bbox 225 4363 255 4420; x_wconf 90' lang='lat' dir='ltr'><strong>in</strong></span> <span class='ocrx_word' id='word_1_364' title='bbox 278 4360 413 4418; x_wconf 89' lang='lat' dir='ltr'><strong>secunda</strong></span> <span class='ocrx_word' id='word_1_365' title='bbox 432 4358 537 4416; x_wconf 92' lang='lat' dir='ltr'><strong>scholii</strong></span> <span class='ocrx_word' id='word_1_366' title='bbox 560 4358 656 4416; x_wconf 89' lang='lat' dir='ltr'><strong>nostri</strong></span> <span class='ocrx_word' id='word_1_367' title='bbox 678 4366 777 4433; x_wconf 89' lang='lat' dir='ltr'><strong>parte;</strong></span> <span class='ocrx_word' id='word_1_368' title='bbox 801 4358 858 4415; x_wconf 91' lang='lat' dir='ltr'><strong>sed</strong></span> <span class='ocrx_word' id='word_1_369' title='bbox 879 4358 910 4413; x_wconf 92' lang='lat' dir='ltr'><strong>in</strong></span> <span class='ocrx_word' id='word_1_370' title='bbox 930 4358 1026 4433; x_wconf 90' lang='lat' dir='ltr'><strong>prima</strong></span> <span class='ocrx_word' id='word_1_371' title='bbox 1040 4358 1235 4417; x_wconf 91' lang='lat' dir='ltr'><strong>Herodianus</strong></span> <span class='ocrx_word' id='word_1_372' title='bbox 1258 4359 1369 4418; x_wconf 92' lang='lat' dir='ltr'><strong>dicitur</strong></span> 
     </span>
     <span class='ocr_line' id='line_1_41' title="bbox 225 4453 1368 4543; baseline 0 -22"><span class='ocrx_word' id='word_1_373' title='bbox 225 4461 328 4543; x_wconf 84' lang='grc' dir='ltr'>ἐντῷ</span> <span class='ocrx_word' id='word_1_374' title='bbox 352 4460 374 4535; x_wconf 87' lang='grc' dir='ltr'>ῆ</span> <span class='ocrx_word' id='word_1_375' title='bbox 396 4459 454 4534; x_wconf 87' lang='grc' dir='ltr'>τῆς</span> <span class='ocrx_word' id='word_1_376' title='bbox 475 4453 616 4520; x_wconf 89' lang='grc' dir='ltr'>καθόλου</span> <span class='ocrx_word' id='word_1_377' title='bbox 640 4459 781 4518; x_wconf 90' lang='lat' dir='ltr'><strong>docuisse</strong></span> <span class='ocrx_word' id='word_1_378' title='bbox 803 4461 843 4516; x_wconf 91' lang='lat' dir='ltr'><strong>de</strong></span> <span class='ocrx_word' id='word_1_379' title='bbox 866 4467 996 4517; x_wconf 90' lang='lat' dir='ltr'><strong>accentu</strong></span> <span class='ocrx_word' id='word_1_380' title='bbox 1018 4459 1105 4517; x_wconf 90' lang='lat' dir='ltr'><strong>huius</strong></span> <span class='ocrx_word' id='word_1_381' title='bbox 1129 4459 1221 4519; x_wconf 90' lang='lat' dir='ltr'><strong>verbi.</strong></span> <span class='ocrx_word' id='word_1_382' title='bbox 1271 4460 1368 4535; x_wconf 89' lang='lat' dir='ltr'><strong>Quod</strong></span> 
     </span>
    </p>
   </div>
   <div class='ocr_carea' id='block_1_10' title="bbox 0 0 1483 4922">
    <p class='ocr_par' dir='ltr' id='par_1_12' title="bbox 0 0 1483 4922">
     <span class='ocr_line' id='line_1_42' title="bbox 0 0 1483 4922; baseline 0 0"><span class='ocrx_word' id='word_1_383' title='bbox 0 0 1483 4922; x_wconf 95' lang='lat' dir='ltr'><strong> </strong></span> 
     </span>
    </p>
   </div>
  </div>
 </body>
</html>
