2938 4922
769 257 804 310 28

213 429 469 507 Reitzensteinus‚
503 431 581 492 ined.
604 440 687 508 poet.
711 432 820 526 Graec.
846 434 951 508 fragm.
974 453 1003 512 p.
1027 438 1047 494 4
1069 435 1113 494 sic
1134 454 1171 494 ex
1192 438 1262 496 cod.
1286 437 1357 500 vat.

212 534 332 592 reddit:
352 527 574 609 Ἀπάργματα·
599 528 815 610 Ἀπολλώνιος
836 531 911 596 ὁτά
923 532 1159 612 Ἀργοναυτικά
1180 532 1253 600 οῖον
1277 535 1359 617 ,,άξὺ

212 631 249 694 δὲ
269 627 486 710 πανδαμάτωρ
509 633 594 715 λοξῷ
614 630 684 697 ἴδεν
698 629 772 697 οἷον
787 631 899 713 ἔρεξαν
914 631 1030 713 ὄμματι
1045 635 1174 715 νηλειής
1189 635 1359 716 ὀλοφώιον
1461 689 1462 720 ,

214 729 312 811 ἔργον
329 731 468 812 Ἐρινύς.
498 731 586 812 ήρως
607 730 634 796 δ’
660 731 831 814 Αἰσονίδης
853 735 1036 814 ἐξάργματα
1063 736 1163 814 τάμνε
1185 736 1359 818 θανόντος,
1461 751 1462 754 ’

211 831 281 911 τρὶς
301 830 340 896 δ’·
354 830 501 900 ἀπέλειξε
523 833 640 912 φόνου,
676 835 744 914 τρὶς
776 833 803 899 δ’
833 835 866 899 ἐξ
902 833 983 914 άγος
1013 834 1126 902 ἔπτυσ’
1147 836 1300 918 ὀδόντων,
1336 839 1357 922 ᾗ

212 933 301 1013 θέμις
324 933 497 1020 αὐθέντῃσι
512 934 728 1014 δολοκτασίας
743 934 919 1002 ἱλάεσθαι“.
941 927 1142 1018 (ἐξάργματα
1154 936 1225 1022 καλ>
1237 937 1358 1018 ἀπάργ-

213 1055 298 1114 ματα
320 1035 446 1113 λέγεται
467 1036 508 1100 τά
530 1034 594 1100 ὑπὸ
616 1041 681 1102 τῶν
708 1043 884 1122 τραγῳδῶν
912 1039 1072 1118 λεγόμενα
1098 1041 1359 1121 μασχαλίσματα.

213 1140 315 1202 ταῦτα
338 1137 374 1202 δέ
396 1138 466 1203 ἑστι
488 1139 528 1202 τὰ
550 1140 608 1202 τοῦ
628 1139 847 1218 φονευθέντος
870 1139 1068 1221 ἀκρωτήρια·
1101 1141 1142 1221 ἦν
1166 1143 1228 1222 γάρ
1250 1163 1279 1208 τι
1302 1144 1358 1208 νά-

214 1259 308 1317 μιμον
330 1241 398 1317 τοῖς
423 1241 691 1318 δολοφονήσασιν
709 1238 898 1321 άφοσιῶσαι
920 1243 977 1308 τὸν
997 1242 1102 1322 φόνον
1118 1243 1171 1309 διά
1185 1246 1243 1309 τοῦ
1259 1248 1358 1312 δολο-

213 1341 417 1420 φονηθέντος
439 1339 719 1421 ἀκρωτηριασμοῦ.
743 1345 784 1408 τά
805 1345 842 1408 δὲ
858 1342 1039 1424 ἀκρωτήρια
1054 1344 1197 1425 εἴροντες
1212 1339 1265 1411 καὶ
1278 1361 1359 1426 συρ-

214 1440 396 1522 ράπτοντες
430 1443 482 1508 διὰ
514 1446 580 1508 τῶν
604 1447 663 1508 τοῦ
684 1448 801 1525 νεκροῦ
823 1451 1000 1526 μασχαλῶν
1032 1447 1085 1512 καὶ
1111 1451 1171 1514 τοῦ
1193 1449 1358 1528 τραχήλου

212 1544 431 1624 περιτίθεσθαι
443 1550 488 1630 τῷ
504 1551 616 1629 νεκρῷ.
640 1543 710 1610 καθ’
733 1547 871 1628 ἅφησιν
894 1549 1066 1628 Σοφοκλῆς
1088 1549 1164 1631 ,ὑφ’
1186 1549 1226 1630 ἦς
1249 1551 1360 1616 θανὼν

214 1646 327 1727 ἄτιμος
348 1648 433 1714 ὥστε
456 1651 618 1730 δυσμενὴς
640 1650 885 1731 ἐμασχαλίσθη“
900 1653 960 1734 (El.
972 1650 1058 1736 444).
1081 1652 1131 1718 ὅτι
1152 1655 1189 1718 δὲ
1204 1653 1256 1717 καὶ
1270 1653 1360 1730 ἐγεύ-

213 1769 291 1814 οντο
313 1753 371 1816 τοῦ
393 1750 530 1832 αἵματος
551 1753 603 1817 καὶ
624 1751 799 1831 ἀπέπτυον,
822 1753 983 1835 Αἰσχύλος
1006 1755 1042 1820 ἐν
1058 1758 1128 1836 ταῖς
1144 1755 1359 1836 Περραιβίσιν

213 1851 266 1916 καὶ
300 1851 336 1918 έν
368 1857 427 1919 τοῦ
454 1855 526 1934 περὶ
553 1855 653 1921 Λαῑου
685 1856 864 1936 (Reitzenst.
893 1861 1037 1938 proponit
1064 1857 1100 1922 έν
1120 1861 1167 1942 τῷ
1190 1854 1302 1940 Aulus).
1336 1856 1358 1935 ἢ

214 1951 407 2034 ἀπάργματα
430 1954 462 2020 αἱ
484 1956 618 2035 μεγάλαι
640 1956 782 2038 ἀπαρχαὶ
801 1963 865 2052 τῶν
888 1962 1019 2025 θυσιῶν.
1073 1962 1164 2022 Hunc
1184 1964 1285 2021 locum
1303 1979 1360 2040 ap-

214 2069 302 2136 paret
323 2079 392 2120 esse
415 2061 553 2122 scholion
577 2065 619 2122 ad
641 2081 756 2133 versus,
777 2065 881 2142 quiin
902 2065 989 2123 initio
1004 2065 1096 2141 positi
1112 2073 1183 2123 sunt
1196 2063 1362 2124 111475-

213 2163 284 2222 479.
328 2161 365 2220 In
385 2163 475 2226 Laur.
501 2182 625 2242 quoque
648 2165 786 2225 scholion
809 2167 947 2225 eiusdem
968 2166 1138 2244 argumenti
1160 2173 1269 2240 exstat,
1300 2168 1361 2225 sed

213 2263 308 2322 multo
331 2265 460 2344 brevius,
484 2273 518 2324 ut
539 2285 639 2342 paene
660 2267 796 2343 intellegi
817 2277 961 2344 nequeat,
992 2269 1193 2344 omnibusque
1218 2269 1360 2326 testimo-

214 2365 271 2423 niis
294 2367 443 2438 orbatum,
467 2369 510 2427 sic
532 2377 645 2447 tamen,
669 2379 703 2428 ut
724 2387 787 2428 non
808 2370 905 2447 possit
931 2389 969 2428 ex
990 2370 1051 2428 hoc
1072 2371 1121 2430 Et.
1145 2369 1262 2429 scholio
1285 2369 1360 2428 sim·

215 2468 333 2544 pliciter
354 2477 544 2529 contractum
566 2488 652 2544 esse;
675 2472 767 2529 immo
791 2471 883 2531 habet
897 2471 1026 2548 propria,
1050 2489 1128 2548 quae
1143 2471 1175 2529 in
1190 2471 1361 2546 etymologi

213 2569 327 2628 scholio
350 2588 413 2629 non
434 2578 514 2631 sunt.
561 2569 655 2644 Quod
672 2573 703 2631 in
724 2572 784 2630 fine
806 2573 944 2633 additur:
980 2567 1216 2648 ἢάπάργματα
1249 2567 1280 2632 αἱ
1303 2589 1359 2647 με·

213 2666 309 2743 γάλαι
333 2666 474 2749 ἀπαρχαὶ
497 2671 563 2735 τῶν
590 2673 719 2744 θυσιῶν,
750 2692 814 2732 non
846 2693 885 2732 ex
918 2673 1034 2733 scholio
1066 2673 1194 2749 petitum
1221 2690 1292 2732 esse
1325 2683 1362 2732 et

213 2773 310 2848 primo
331 2782 458 2850 aspectu
481 2774 661 2851 perspicitur
683 2784 715 2833 et
739 2776 963 2835 demonstratur
984 2793 1033 2853 co,
1068 2776 1152 2850 quod
1173 2774 1234 2834 hoc
1256 2774 1358 2834 solum

214 2876 246 2933 in
268 2874 317 2933 Et.
342 2875 423 2936 Gud
447 2877 496 2948 63,
519 2878 558 2937 15
579 2894 606 2937 ν.
622 2871 814 2952 ἀπάργματα
828 2877 988 2936 invenitur.
1006 2908 1045 2918 —-
1062 2877 1227 2935 Praeterea
1249 2876 1360 2934 confer
1463 2899 1464 2930 ι

214 2975 308 3036 schol.
331 2977 389 3054 Ap.
410 2977 424 3036 I
448 2979 527 3038 1134
549 2978 651 3038 etEt.
673 2978 715 3040 M.
740 2975 810 3048 706,
833 2979 871 3037 25
894 2997 920 3037 v.
943 2974 1061 3057 ῥύμβῳ,
1083 2979 1134 3037 ubi
1156 2978 1244 3037 huius
1270 2979 1358 3037 vocis

213 3079 421 3154 interpretatio
444 3079 610 3155 etymologi
633 3079 739 3138 scholii
759 3081 883 3156 propria
904 3089 968 3155 est3
990 3073 1088 3140 schol.
1111 3081 1168 3158 Ap.
1190 3075 1302 3139 11570
1326 3089 1362 3138 et

213 3181 261 3241 Et
278 3181 320 3242 M.
338 3183 408 3253 494,
433 3183 473 3241 10
495 3200 521 3238 v.
533 3175 691 3256 καχλάζω,
707 3182 792 3239 cuius
815 3181 898 3239 verbi
920 3181 1010 3240 aliam
1032 3182 1146 3240 invenit
1162 3183 1360 3258 etymologus

212 3283 497 3360 interpretationem
519 3291 613 3360 atque
636 3285 667 3341 in
689 3284 801 3342 nostris
825 3291 871 3342 est
893 3283 1014 3342 scholiis
1043 3279 1134 3361 (quae
1163 3283 1257 3342 adicit
1279 3284 1359 3343 veri-

213 3385 316 3461 loquia
337 3387 422 3444 unde
443 3384 541 3462 petita
563 3385 623 3443 sint
650 3380 781 3461 nesciol;
812 3385 908 3444 schol.
938 3387 995 3461 Ap.
1019 3383 1049 3442 II
1081 3384 1142 3444 908
1171 3394 1205 3442 et
1236 3383 1286 3444 Et.
1309 3384 1356 3447 M.

214 3489 263 3556 82,
287 3487 326 3546 28
350 3506 378 3548 v.
400 3481 579 3564 ἀμείδητος,
603 3488 654 3545 ubi
677 3487 798 3546 accedit
821 3487 903 3545 vocis
938 3481 1032 3562 ἁγίας
1055 3485 1232 3562 illustrati03
1262 3485 1358 3546 schol.

213 3589 270 3664 Ap.
291 3587 321 3646 II
346 3590 425 3649 1052
459 3597 491 3646 et
512 3588 584 3648 Mill.
615 3607 644 3664 p.
668 3590 727 3648 248
761 3607 788 3649 v,
815 3581 991 3666 Πλωάδας,
1022 3587 1073 3644 ubi
1104 3585 1202 3645 multo
1235 3586 1359 3645 brevius

214 3691 332 3749 videtur
354 3689 492 3749 scholion
514 3691 624 3767 legisse
646 3708 739 3766 quarn
760 3686 852 3766 n0s13
887 3689 980 3751 schol.
1002 3690 1061 3765 Ap.
1083 3687 1127 3746 IV
1153 3689 1233 3749 1490
1254 3695 1286 3745 et
1307 3687 1356 3750 Et

213 3791 254 3852 M.
277 3794 348 3869 571,
371 3794 410 3851 45
433 3786 519 3870 (add.
542 3791 614 3850 Mill.
638 3810 667 3868 p.
691 3787 765 3869 208)
800 3809 826 3850 ν.
857 3785 1031 3868 Λυκώρεια,
1064 3789 1125 3863 ubi,
1160 3807 1239 3865 quae
1261 3789 1359 3848 habet

213 3893 415 3969 etymologus‚
448 3893 544 3970 magis
574 3893 758 3952 conveniunt
793 3910 862 3950 cum
892 3892 1009 3950 scholio
1041 3899 1146 3950 nostro
1179 3892 1220 3948 ad
1240 3890 1269 3948 11
1294 3891 1355 3950 711

156 4035 161 4044 -
213 4013 306 4073 quam
336 3996 377 4053 ad
410 3995 507 4071 ipsum
538 3994 639 4052 locum
673 3993 863 4070 propositum
885 3992 931 4053 IV
956 3994 1045 4053 1490.
1099 3992 1209 4052 Adicio
1236 4009 1355 4068 paucos

313 4328 324 4366 ¹
342 4332 373 4380 In
391 4331 434 4382 Et.
453 4333 491 4382 M.
510 4331 607 4394 legitur
624 4329 775 4406 Πλῳάδας,
793 4329 820 4380 in
838 4331 916 4381 Laur.
937 4329 1075 4393 πλωϊδας,
1095 4331 1142 4380 sed
1162 4345 1220 4379 cum
1239 4329 1266 4379 in
1277 4309 1354 4379 Laur.

213 4435 300 4470 rasura
318 4422 353 4470 sit
370 4421 446 4472 πλωΐ
464 4459 469 4471 .
490 4460 495 4471 .
515 4421 573 4485 δας,
593 4421 695 4468 videtur
714 4421 822 4468 subesse
842 4420 965 4484 scriptura
984 4418 1135 4486 πλωιάδας,
1160 4434 1226 4484 quae
1247 4433 1305 4468 eum
1324 4417 1352 4466 in

213 4525 315 4560 versum
333 4523 387 4559 non
405 4507 537 4558 videretur
556 4508 692 4572 quadrare,
711 4507 740 4556 in
757 4508 834 4559 laur.
854 4514 998 4560 correctum
1015 4513 1055 4557 est
1072 4507 1206 4569 πλωῑδος.
