2938 4922
663 286 698 348 33

108 465 284 552 εῦποιήτῳ·
322 466 357 531 ἐκ
386 469 444 532 τοῦ
479 468 579 532 θείναι
605 466 643 529 τὸ
664 469 805 544 ποιῆσαι.
838 465 890 529 καί
906 465 1071 546 Πίνδαρος
1100 463 1139 530 δι’
1168 464 1248 530 ὅλου

106 569 197 634 θέσιν
219 568 257 632 τὸ
278 567 399 648 ποίημα
421 568 515 644 λέγει.
570 571 673 630 Locus
704 580 752 629 est
773 571 788 630 1
809 572 879 646 569,
914 571 965 628 ubi
998 571 1134 629 scholion
1166 570 1249 627 idem

105 673 199 732 habet
221 673 332 732 omissa
355 672 477 731 Pindari
499 673 665 734 mentione.
709 673 812 731 Locus
828 670 952 730 Pindari
972 672 1094 728 videtur
1115 687 1185 728 esse
1200 668 1248 732 Ol.

106 778 135 845 3,
157 775 185 844 8,
208 774 259 832 ubi
282 771 373 848 θέσις
396 770 509 835 ἐπέων.
555 774 723 850 Antiquam
745 773 826 831 hanc
847 773 1020 830 doctrinam
1034 789 1104 829 esse
1119 779 1250 830 testatur

105 874 217 935 Athen.
240 875 285 933 XI
305 861 336 950 p.
352 878 410 936 501
428 893 459 935 c:
490 871 529 935 τὸ
551 874 685 948 ποιῆσαι
706 873 807 936 θείναι
829 871 913 949 πρὸς
936 875 1002 934 τιῦν
1024 867 1165 948 ἀρχαίων
1180 870 1249 934 ἐλέ-

103 994 197 1050 γετο;
220 977 257 1038 cf.
280 977 329 1038 Et.
351 977 393 1037 M.
421 979 490 1054 319,
514 979 553 1038 30
576 997 605 1040 v.
626 973 730 1054 ἔθηκε.
754 1007 795 1018 -
816 975 852 1033 In
873 975 923 1034 Et.
946 973 989 1035 M.
1013 975 1063 1051 33,
1088 976 1126 1034 27
1150 994 1176 1036 v.
1199 969 1249 1036 Αί-

104 1074 238 1154 θαλίδης
259 1088 343 1138 recte
367 1087 521 1138 servatum
543 1090 590 1138 est
611 1079 682 1154 γῆν,
704 1079 790 1154 quod
811 1078 843 1136 in
864 1077 960 1136 schol.
981 1076 1070 1136 Laut.
1094 1076 1136 1133 ad
1157 1074 1172 1132 Ι
1189 1076 1249 1136 646

103 1179 230 1256 propter
250 1179 308 1256 τὴν
330 1181 486 1240 articulam
506 1182 743 1258 praecedentem
759 1179 885 1253 excidit,
922 1180 979 1236 sed
1011 1177 1073 1234 iam
1103 1193 1121 1233 a
1149 1175 1250 1234 Keilio

105 1290 190 1340 recte
213 1282 389 1359 suppletum
410 1293 458 1342 est
479 1299 517 1340 ex
539 1283 601 1341 hoc
622 1282 702 1344 loco.

474 1511 547 1573 Mill.
566 1528 595 1588 p.
614 1513 673 1571 107
696 1529 722 1569 v.
747 1504 881 1585 Ἐλάρα.

206 1635 265 1720 ,,ῦν
289 1635 316 1716 ῥ’
340 1637 449 1703 ἔτεκεν
472 1638 529 1716 μέν
551 1637 592 1700 δῖ’
615 1625 749 1718 Ἐλάρα,
775 1635 895 1715 θρέψεν
917 1637 954 1700 δέ
976 1635 1028 1702 καί
1051 1633 1098 1716 ἀψ
1122 1632 1251 1713 ἐλοχεύ-

104 1751 189 1800 σατο
213 1733 316 1802 Γαῐαίί.
361 1737 545 1816 Φερεκύδης
560 1737 669 1818 φησίν,
693 1736 743 1801 ὅτι
758 1728 880 1815 Ἐλάρα
890 1736 1090 1818 Ὀρχομενοῦ
1106 1735 1250 1814 θυγάτηρ

102 1837 156 1916 ἦν,
176 1838 195 1922 ᾗ
219 1839 309 1919 ἐμίγη
332 1837 426 1918 Ζεύς,
449 1839 501 1905 καί
524 1838 702 1917 ἀνέθρεψεν
726 1838 827 1917 αὐτὴν
849 1840 930 1904 κατὰ
952 1844 1021 1917 γῆς,
1044 1837 1251 1918 φοβούμενος

103 1939 165 2019 τάς
187 1939 290 2019 Ἥρας
310 1940 514 2020 ζηλοτυπίας,
537 1941 589 2005 καὶ
612 1940 647 2003 ἐκ
668 1945 727 2018 τῆς
748 1943 808 2019 γῆς
833 1938 972 2018 ἀνεδόθη
995 1937 1164 2017 δΤιτυός·
1186 1939 1249 2004 διό·

103 2061 166 2120 περ
188 2041 239 2107 καὶ
260 2045 399 2120 γηγενὴς
422 2042 557 2117 λέγεται.
603 2041 654 2105 καί
676 2039 790 2120 ἄλλως.
833 2031 954 2121 Ἐλάρα
977 2041 1012 2106 ἐκ
1035 2037 1249 2121 Ποσειδῶνος

105 2141 359 2221 ἐγκυμονήσυσα
378 2143 436 2207 τὸν
457 2142 573 2208 Τιτυὸν
595 2144 647 2207 καὶ
669 2143 709 2221 μὴ
731 2147 905 2221 δυνηθεῖσα
935 2143 987 2207 ἐπὶ
1018 2145 1077 2220 τῆς
1103 2143 1250 2222 Ιγαστρὸς

105 2241 267 2322 βαστάσαι
286 2242 385 2308 αὐτὸν
407 2244 459 2308 διὰ
482 2245 520 2308 τὸ
542 2241 676 2324 ἄπειρον
698 2244 750 2307 καὶ
775 2245 856 2324 μέγα
890 2243 974 2322 ἔχειν
1009 2244 1144 2324 μέγεθος
1174 2242 1250 2308 ἀπέ-

106 2347 185 2408 θονε
208 2344 260 2408 καὶ
281 2343 398 2423 ἐτάφη·
436 2344 590 2425 ῥαγείσης
622 2346 657 2409 δὲ
689 2349 747 2423 τῆς
769 2345 913 2424 γαστρὸς
937 2344 1037 2427 αὐτῆς
1059 2343 1249 2425 λαβοῦσαί]

106 2445 149 2522 Γῆ
172 2445 209 2508 τὸ
232 2446 355 2526 βρέφος
377 2445 536 2527 ἀνέθρεψε
559 2448 611 2512 καὶ
633 2448 746 2512 τέλεον
766 2448 943 2525 γενόμενον
966 2445 1143 2530 ἀπέδωκεν,
1172 2447 1250 2514 ὅθεν

105 2545 259 2625 ἐνομίσθη
281 2547 343 2627 Γῆς
367 2545 449 2613 εἶναι
472 2547 552 2628 υἱός.

517 2755 614 2815 Senot
636 2756 694 2832 Ap.
718 2757 731 2814 1
755 2759 823 2818 τοι.

205 2876 387 2968 Φερεκύδης
409 2877 445 2942 δέ
467 2893 579 2958 φησιν,
602 2878 651 2944 ὅτι
673 2869 791 2964 Ἐλάρη
819 2883 857 2964 τῇ
883 2870 1083 2961 Ὀρχομενοῦ
1107 2880 1206 2961 μιγεὶς
1229 2878 1248 2943 δ

101 2977 190 3057 Ζεὺς
212 2977 340 3057 ὤθησεν
362 2977 463 3056 αὐτὴν
485 2979 567 3043 κατὰ
587 2984 647 3056 γῆν
670 2980 826 3058 δεδοικὼς
847 2980 907 3058 τὴν
921 2986 981 3061 τῆς
997 2981 1101 3062 Ἥρας
1117 2984 1249 3060 ζηλοτυ-

101 3078 191 3154 πίαν,
219 3079 272 3144 καὶ
298 3077 435 3158 ἀνεδόθη
458 3077 534 3161 <έκ>
556 3085 614 3159 τῆς
636 3084 697 3159 γῆς
718 3080 850 3159 Τιτυός·
889 3082 939 3147 διὸ
962 3083 1013 3147 καὶ
1035 3083 1173 3164 γηγενής
1196 3104 1250 3148 κα·

102 3182 213 3246 λεῑται.
257 3179 374 3260 ἄλλως.
419 3170 545 3259 Ἐλάρη,
578 3184 680 3260 μήτηρ
704 3180 831 3255 Τιτυοῦ,
865 3182 904 3247 ὃν
926 3187 1052 3249 κυοῦσα
1074 3185 1177 3262 (Laur.
1200 3204 1249 3249 τε·
1312 3175 1314 3182 .

102 3279 224 3363 κοῦσα)
251 3281 287 3346 ἐκ
309 3283 393 3361 Διὸς
415 3283 467 3346 καὶ
489 3281 699 3348 ἀδυνατοῦσα
720 3286 876 3362 γεννῆσαι
894 3286 949 3349 διά
969 3286 1007 3349 τὸ
1030 3286 1166 3365 μέγεθος
1189 3287 1247 3350 τοῦ

103 3383 223 3462 παιδὸς
245 3379 404 3448 ἀπώλετο.

105 3589 206 3648 Prima
225 3591 491 3650 commentationis
524 3609 594 3666 pars
624 3609 762 3666 congrua
784 3601 832 3650 est
864 3593 943 3650 inter
964 3592 1014 3653 Et.
1035 3592 1076 3653 M.
1101 3601 1133 3651 et
1155 3592 1249 3654 schol.

106 3687 206 3766 (recte
227 3691 345 3750 Keilius
377 3699 449 3750 ante
481 3693 541 3767 γῆς
561 3692 712 3768 supplevit
734 3689 785 3768 ἑκ;
821 3693 850 3750 in
872 3694 919 3754 Et.
942 3693 983 3755 M.
1010 3686 1169 3770 ἀνέθρεψε
1194 3695 1249 3754 fal-

104 3809 175 3850 sum
206 3801 256 3852 est
285 3809 341 3869 pro
373 3787 481 3868 ὤθησε
515 3803 613 3852 ortum
641 3813 678 3852 ex
700 3812 738 3852 eo
761 3795 847 3869 quod
879 3795 956 3854 infra
990 3804 1038 3854 est
1066 3789 1249 3875 ἀνέθρεψε),

104 3894 202 3951 altera
224 3903 325 3952 autem
346 3895 378 3951 in
390 3894 438 3954 Et.
455 3893 495 3955 M.
512 3895 629 3971 plenior
650 3904 706 3954 est.
742 3895 823 3954 Hinc
844 3897 904 3954 iam
920 3897 1035 3955 Keilius
1058 3904 1141 3954 recte
1165 3899 1250 3971 qnod

105 3993 197 4054 Laur.
220 3995 314 4054 habet
335 3995 478 4057 τεκοῦσα
499 3997 675 4054 emendavit
698 3997 729 4053 in
750 3996 874 4058 κυοῦσα
908 3998 990 4072 quod
1025 4015 1107 4055 nunc
1136 3997 1185 4060 Et.
1208 3999 1249 4057 M.

103 4095 238 4155 lectione
258 4097 409 4156 firmatum
431 4097 583 4167 videmus;
617 4094 832 4172 Ποσειδῶνος
860 4097 937 4156 iilud
958 4107 1058 4156 utrum
1080 4101 1173 4158 errori
1196 4101 1250 4160 de·

104 4197 213 4256 beatur
244 4216 284 4256 an
317 4199 413 4257 altera
439 4198 545 4256 scholii
576 4199 624 4258 Et.
658 4199 700 4259 M.
733 4217 819 4275 pam,
855 4217 923 4257 cum
957 4197 1136 4274 Neptunum
1168 4199 1250 4277 Tityi

103 4306 224 4376 patrem
246 4300 428 4373 nominaret,
447 4300 537 4358 aliam
561 4309 668 4359 secuta
691 4300 729 4358 sit
753 4299 873 4364 fabulae
896 4300 1077 4372 versionem,
1092 4301 1124 4357 in
1146 4302 1249 4359 medio

105 4400 341 4478 relinquendum
364 4410 419 4466 est.

1035 4518 1051 4570 3
