2938 4922
71 473 229 547 inciderat,
252 481 283 531 et
304 473 336 530 in
360 473 457 532 lexico
489 491 545 532 suo
568 466 693 544 notavit,
727 491 911 550 quamquam
933 483 966 533 ut
989 484 1096 534 cautus
1118 476 1210 534 homo

72 574 352 650 interpretationem
373 593 413 632 ne
435 576 594 650 temptavit
617 577 751 651 quidem.
795 576 844 636 Et.
860 575 900 635 M.
918 575 1126 636 Gaisfordiani
1141 596 1211 636 auc-

72 683 118 732 tor
139 675 221 734 hunc
244 677 344 734 locum
366 677 479 752 quippe
501 676 638 734 inutilem
661 677 788 735 exclusit
807 695 908 752 neque
930 679 1026 753 magis
1055 679 1086 735 in
1107 696 1144 737 eo
1167 680 1212 736 in·

71 777 183 843 venies,
206 779 291 851 quod
313 779 387 852 legis
411 779 494 852 apud
516 777 589 836 Mill.
624 797 653 854 p.
678 781 738 839 257
769 797 795 838 ν.
817 771 971 854 πτερέως.
1001 775 1153 856 σημαίνειι
1174 776 1211 839 τὸ

70 875 203 954 ταχέως,
226 873 296 941 οἷον
320 877 448 950 ,,κεϊθεν
471 876 506 940 δὲ
528 877 671 955 πτερέιιις
693 877 745 941 διὰ
769 876 882 956 μόριον
904 874 998 955 οἶδμα
1011 875 1212 956 θαλάσσης“.

72 979 127 1036 Est
148 997 255 1038 versus
278 981 334 1056 Ap.
354 980 398 1037 IV
422 969 512 1058 1765,
545 982 576 1040 in
607 999 667 1057 quo
700 982 844 1058 scriptum
872 983 1007 1040 invenies
1029 977 1213 1060 ἀπτερέως;

71 1098 117 1138 res
139 1081 252 1140 eadem
275 1091 322 1140 est
346 1100 425 1157 quae
447 1099 551 1159 supra:
575 1083 766 1160 etymologus
788 1085 911 1158 gavisus
938 1092 1102 1158 augmento
1127 1083 1214 1142 lexici

71 1183 229 1258 exscripsit
250 1201 310 1242 una
331 1201 399 1242 cum
421 1184 607 1259 glossemate
630 1155 871 1259 ruxe'utgfquod
893 1185 1115 1243 Laurentianus
1138 1201 1215 1260 quo·

71 1300 132 1358 que
155 1293 260 1342 noster
283 1286 421 1344 servavit.
465 1286 558 1360 Apud
580 1285 651 1346 Mill.
674 1304 702 1360 p.
726 1288 785 1346 215
808 1304 866 1344 vox
888 1283 998 1362 μέσφα
1020 1284 1140 1360 (legitur
1155 1285 1215 1344 illic

71 1380 211 1460 μέσφας,
234 1387 284 1444 ubi
307 1403 324 1462 ς
345 1388 477 1446 accessit
499 1405 537 1444 ex
560 1389 652 1445 verbo
673 1396 821 1462 sequente
844 1384 1077 1462 Σαλαγγῶνος)
1099 1405 1137 1444 ex
1153 1387 1213 1463 Ap.

71 1485 130 1545 Rh.
155 1487 202 1544 IV
224 1488 430 1547 337'affertur
451 1489 572 1546 adiecta
594 1489 847 1564 interpretatione
881 1506 973 1564 quam
1007 1489 1126 1546 videtur
1147 1497 1212 1562 ety-

71 1588 214 1663 mologus
238 1607 275 1646 ex
296 1590 363 1665 ipso
385 1589 454 1648 loco
477 1591 532 1648 sibi
556 1591 777 1667 composuisse.
821 1591 857 1648 In
878 1590 951 1649 Mill.
975 1608 1007 1666 p.
1020 1591 1079 1664 277ι
1101 1584 1154 1667 (cf.
1167 1590 1222 1651 Et..

70 1688 112 1748 M.
137 1690 207 1762 742,
231 1687 261 1766 6)
284 1691 365 1750 vocis
389 1687 466 1752 σώω
490 1691 743 1767 significationem
765 1687 869 1766 ὁρμᾶν
891 1691 1054 1765 Apollonio
1079 1685 1118 1767 (Π
1140 1684 1215 1768 296)

71 1799 155 1849 teste
178 1787 344 1861 confirmat,
368 1792 418 1850 ubi
440 1794 471 1851 in
486 1794 575 1855 Laur.
598 1794 706 1868 legitur
720 1789 884 1870 σεύεσθαι,
908 1793 992 1868 quod
1014 1790 1216 1850 Ruhnkenius

70 1889 135 1970 (ep.
170 1894 233 1954 crit.
269 1913 297 1971 p.
320 1890 391 1970 294)
425 1896 595 1954 secundum
629 1894 710 1958 hunc
740 1893 788 1952 Et.
819 1893 861 1952 M.
893 1893 995 1950 locum
1018 1893 1049 1950 iu
1069 1888 1216 1954 σώεσθαι

70 1995 266 2064 emendavit;
300 1996 421 2054 addidit
454 1998 643 2073 etymologus
665 1995 898 2055 adnotationem
930 1995 970 2051 de
993 1991 1216 2070 Strophadibus

71 2096 179 2155 insulis
200 2097 260 2154 illic
282 2097 535 2167 commemoratis
559 2115 650 2172 quarn
672 2097 800 2172 sumpsit
814 2113 852 2152 ex
868 2095 1000 2154 scholiis.
1035 2095 1137 2154 Etiam
1151 2111 1216 2176 uer·

73 2200 186 2256 borum
207 2197 319 2256 formas
342 2216 378 2256 ex
401 2198 564 2273 Apollonio
586 2198 701 2276 profert
722 2199 779 2256 ille.
833 2197 868 2256 Iu
902 2196 951 2255 Et.
976 2195 1017 2252 M.
1044 2195 1094 2270 47,
1118 2197 1156 2255 35
1188 2213 1215 2255 v.

72 2293 202 2374 ἀκηδία,
223 2307 388 2376 postquam
411 2297 532 2358 Orionis
556 2299 709 2358 sententia
730 2307 852 2356 narrata
873 2306 928 2370 est,
953 2295 1049 2356 adicit
1069 2296 1218 2374 etymolo-

70 2420 139 2478 gus,
161 2401 245 2478 quod
266 2400 297 2457 iu
319 2416 375 2457 suo
392 2399 546 2476 Apollonii
569 2401 678 2458 codice
700 2401 870 2458 invenerat:
896 2393 1111 2471 Ἀπολλώνιος
1133 2393 1152 2458 ὁ
1175 2393 1216 2458 τὰ

71 2497 305 2578 Ἀργοναιιτικὰ
336 2498 373 2563 τό
400 2500 450 2565 δεῖ
473 2498 650 2578 δίφθογγον
684 2501 766 2576 (lege
795 2497 888 2577 <διὰ>
917 2491 1110 2578 διφθόγγου)
1141 2493 1217 2574 γρά-

71 2615 145 2680 φει·
178 2598 248 2666 οἷον
279 2599 353 2680 ,,Μή
376 2601 413 2666 δέ
435 2601 463 2680 μ’
489 2599 675 2686 ἀκηδείῃσιν
705 2599 914 2679 ἀφορμηθῇτε
947 2597 1115 2675 λιπόντεςί(
1145 2595 1218 2677 (Ap.

73 2700 213 2784 11219).
257 2705 396 2764 Similiter
424 2707 455 2764 in
483 2706 532 2765 Et.
556 2705 597 2766 M.
622 2707 733 2776 352,1
765 2723 790 2764 v.
813 2699 939 2779 ἐόλητο.
971 2698 1133 2777 ἐκεκίνητο
1163 2697 1217 2761 καὶ

72 2801 277 2881 ἐτετάρακτο.
301 2801 460 2882 γράφεται
484 2803 536 2867 καὶ
558 2802 610 2867 διὰ
631 2807 689 2880 τῆς
712 2820 744 2865 αι
766 2799 954 2881 διφθόγγοο.
995 2791 1050 2881 ,ξΗ
1085 2800 1143 2878 μὲν
1165 2795 1216 2877 ἄρ’

75 2905 122 2984 ὣς
146 2903 262 2983 ἐόλητο
285 2901 364 2970 νόον
397 2905 593 2984 μελεδήμασι
626 2903 755 2984 κούρη“.
809 2901 1029 2980 Ἀπολλώνιος
1061 2903 1118 2980 (ΠΙ
1145 2903 1216 2974 471,

74 3010 127 3066 ubi
150 3027 254 3068 revera
275 3010 365 3069 Laur.
388 3018 493 3068 noster
513 3011 642 3086 praebet
663 3003 804 3084 αἰόλητο,
827 3026 919 3083 quam
940 3013 1069 3083 apparet
1094 3021 1217 3080 corrup·

73 3121 140 3170 tam
161 3127 231 3169 esse
254 3111 433 3186 scripturam
455 3111 544 3168 huius
568 3110 650 3167 verbi
671 3118 744 3168 tunc
765 3107 909 3184 temporis
941 3107 1095 3174 uoniam
1130 3105 1219 3163 intel·

75 3205 161 3290 lecti)
171 3207 193 3272 ¹.
236 3211 271 3269 ln
292 3211 341 3271 Et.
357 3211 398 3270 M.
421 3214 490 3282 776,
513 3211 551 3270 38
572 3205 722 3286 Ὑλλήων
744 3210 869 3286 genitivi
889 3209 986 3268 forma
1001 3225 1039 3264 ex
1055 3206 1218 3282 Apollonio

74 3311 135 3386 (IV
158 3308 232 3390 524)
264 3322 388 3372 notatur
423 3315 461 3370 ab
484 3313 669 3388 etymologo‚
704 3312 818 3370 scholio
852 3313 894 3370 ad
925 3309 1005 3368 hunc
1032 3309 1133 3366 locum
1156 3325 1219 3365 non

74 3416 229 3492 neglecto
286 3417 379 3492 Apud
402 3415 474 3478 Mill.
496 3435 525 3492 p.
552 3415 608 3474 182
632 3414 759 3472 formam
780 3408 952 3488 κεκοτηότε
980 3419 1067 3469 notat
1101 3427 1138 3466 ex
1160 3409 1218 3484 Ap.

177 3731 187 3773 ¹
206 3737 281 3792 Talia
299 3747 384 3794 autem
402 3738 479 3794 etiam
497 3755 528 3794 ex
548 3736 716 3808 grammatico
736 3735 825 3805 aliquo
844 3751 922 3804 posse
942 3742 1046 3802 sumpta
1058 3746 1117 3786 esse
1129 3736 1219 3784 monet

75 3827 119 3881 Et.
141 3831 179 3880 M.
199 3827 261 3896 823,
279 3829 315 3882 44
333 3847 358 3882 v.
374 3825 515 3898 Ὠρείτης·
541 3832 557 3886 ό
576 3828 705 3896 πολίτης·
734 3827 811 3894 παρὰ
828 3825 862 3879 τό
881 3825 971 3891 ὠρεός
988 3822 1084 3890 rupture
1100 3819 1218 3887 γίνεται·

76 3919 124 3972 καὶ
142 3917 176 3971 τό
196 3918 293 3984 κόριον
314 3919 403 3984 όνομά
421 3921 481 3974 ἐστι
495 3920 540 3973 διὰ
560 3919 725 3986 διφθόγγου,
745 3917 784 3980 ὡς
795 3915 872 3981 παρὰ
883 3909 1064 3980 Ἀπολλωνίῳ
1077 3903 1220 3976 ,ιὨρείῒης

79 4007 104 4061 δ’
124 4002 284 4073 Ἀμύκοιο“.
320 4009 383 4061 τινὰ
401 4010 433 4064 δὲ
450 4013 510 4062 τῶν
529 4008 714 4076 ἀντιγράφων
731 4003 859 4072 Ὠρείδης
876 4003 940 4068 ἔχει.
976 3997 1162 4068 Χοιμοβοσκός
1180 3998 1220 4061 (cf.

76 4100 162 4150 Crem.
182 4098 235 4150 Au.
255 4099 304 4149 Ox.
324 4097 431 4163 11280,
451 4098 493 4167 18,
525 4100 572 4150 ubi
595 4097 777 4150 tenuissimum
807 4100 832 4144 et
855 4097 1003 4158 corruptum
1022 4088 1118 4138 veteris
1136 4086 1220 4136 erudi·

76 4187 160 4240 tionis
179 4188 319 4250 vestigium
338 4185 511 4254 relinquitur).
551 4187 766 4238 Choeroboscum
787 4183 892 4234 codices
914 4178 1053 4250 Apollonii
1079 4193 1132 4227 nou
1157 4190 1219 4225 cou-

76 4277 171 4328 tulisse
191 4282 289 4326 certum
308 4283 366 4342 est3
387 4276 490 4327 scholio
509 4276 568 4343 ipso
588 4277 622 4326 ad
640 4276 692 4342 Ap.
704 4272 758 4325 Rh.
778 4273 864 4322 locum
882 4267 993 4338 (11110)
1012 4266 1136 4317 docemur
1154 4262 1221 4312 illud

78 4367 113 4420 de
132 4383 157 4422 ει
180 4367 346 4435 diphthongo
375 4365 408 4415 ab
436 4366 589 4417 Herodiano
618 4365 716 4415 dictum
742 4362 831 4428 tuisse,
859 4373 938 4425 quem
966 4357 1084 4407 codicum
1112 4367 1221 4420 quoque

78 4465 218 4532 scripturas
236 4459 480 4514 commemoravisse
500 4461 603 4507 constat
621 4453 665 4520 (cf.
684 4453 789 4502 Usener
806 4449 835 4500 in
853 4445 966 4515 „Nachn
988 4445 1097 4499 duda.
1117 4441 1221 4494 Gesell.

80 4556 137 4610 sch.
157 4554 183 4606 d.
204 4550 306 4604 Wiss.“
324 4546 394 4601 1892
412 4563 438 4613 p.
452 4544 511 4611 183,
530 4543 564 4610 ll.
