2938 4922
794 243 827 298 14

186 467 188 474 ,
214 399 217 404 ¹
245 417 303 478 Rh.
327 417 355 474 11
377 417 416 477 89
439 417 528 478 simul
550 435 657 478 vocem
675 413 843 495 φορβάδος
866 419 978 478 eodem
999 421 1094 478 modo
1110 427 1202 496 atque
1220 421 1250 478 in
1270 421 1390 480 scholio

245 519 469 596 interpretatus.
513 519 622 597 Aeque
643 519 935 590 uetustate
957 519 1132 598 πεπτηῶτα
1151 521 1277 580 formam
1299 522 1390 580 affert

245 636 283 677 ex
305 620 363 696 Ap.
385 617 444 683 Rh.
464 619 479 677 Ι
502 622 593 690 1056,
626 638 686 696 quo
719 620 808 680 addit
837 619 910 680 Mill.
943 639 972 698 p.
990 623 1051 682 240
1074 639 1192 680 versum
1223 621 1388 696 11113123

243 720 318 780 Mill.
339 739 370 797 p.
385 723 445 782 230
479 740 516 782 ex
537 723 598 798 Ap.
612 721 657 780 IV
678 724 740 783 498
761 739 867 782 vocem
889 717 958 800 ὅτις
980 723 1113 784 exhibet.
1157 723 1247 782 Plura
1266 732 1389 783 exstant

244 821 368 882 huiusce
391 822 476 882 modi
498 825 644 902 exempla,
666 841 747 900 quae
768 821 829 884 hoc
850 824 918 882 loco
941 825 1112 884 exscribere
1137 827 1331 901 supersedeo.

345 922 483 982 Tettium
505 933 715 1000 argumentum
734 925 807 984 inde
821 925 933 983 deduci
949 933 1060 1002 potest,
1082 927 1167 1001 quod
1179 929 1388 1003 etymologum

247 1024 384 1083 videmus
406 1025 539 1099 studere,
573 1034 607 1084 ut
628 1043 707 1102 quae
729 1027 854 1085 aliunde
876 1027 905 1084 ei
927 1026 1093 1086 affluebant
1116 1026 1235 1088 scholiis
1254 1027 1389 1105 locuple·

246 1134 334 1186 taret.
379 1123 493 1184 Confer
680 1112 693 1146 ⁸

338 1261 394 1338 Et.
415 1263 456 1324 M.
474 1265 522 1333 16,
545 1265 584 1324 26
606 1283 634 1326 v.
658 1259 797 1340 ἀδευκὴς
819 1259 839 1324 δ
861 1258 1032 1341 ἄγνωστος
1056 1260 1108 1326 καὶ
1128 1258 1386 1341 ἀπροσδόκητος.

247 1359 345 1440 Παρὰ
366 1360 404 1426 τὸ
424 1361 528 1439 δείκω,
549 1361 588 1426 τὸ
609 1360 751 1440 δεικνύω,
774 1361 882 1440 δεικής
903 1362 955 1425 καὶ
977 1361 1116 1441 ἀδεικής.
1140 1362 1192 1426 καὶ
1208 1365 1311 1446 τροπῇ
1327 1368 1386 1428 τοῦ

246 1482 256 1524 ι
279 1460 360 1542 εἰςιν
376 1460 528 1543 ἀδευκής·
552 1461 656 1543 οὕτως
683 1455 809 1542 Ὠρίων.
832 1460 905 1528 οἷον
929 1462 967 1537 ,,ὁ
990 1461 1017 1526 δ’
1041 1463 1089 1528 ένλ
1103 1463 1303 1543 ψαμάθοισιν
1319 1465 1389 1530 ἑλυ·

247 1563 337 1641 σθεὶς
353 1565 469 1643 μοῖραν
484 1562 673 1642 ἀνέπλησεν.
696 1564 755 1642 τὴν
768 1564 829 1643 γὰρ
844 1564 933 1644 θέμις
950 1562 1061 1629 οὔποτ’
1076 1562 1187 1630 ἀλύξαι
1203 1567 1387 1652 θνητοῖσιν·

246 1664 349 1748 πάντῃ
373 1666 410 1730 δὲ
431 1665 503 1744 περὶ
525 1666 605 1742 μέγα
620 1665 777 1738 πέπταται
794 1663 901 1744 ὅρκος.
923 1665 971 1744 ῶς
982 1666 1040 1730 τὸν
1055 1664 1205 1745 ὀϊόμενόν
1218 1686 1278 1746 περ
1293 1665 1388 1732 ἀδεν-

246 1766 321 1846 κέος
354 1765 486 1831 ἔκτοθεν
507 1763 625 1845 ἀτης“·
658 1764 846 1846 ἀπεοικαίας
875 1768 895 1846 ἢ
925 1770 1049 1847 πικρᾶς.
1095 1765 1224 1846 Δεῦκος
1256 1767 1317 1848 γὰρ
1348 1768 1388 1832 τὸ

245 1866 353 1946 γλυκύ,
384 1865 462 1932 ὅθεν
484 1867 537 1932 καὶ
558 1867 770 1949 Πολυδεύκης
800 1868 925 1948 ἐκλήθη.
967 1868 1104 1947 καὶγὰρ
1131 1871 1200 1934 ’Ζῶν
1222 1867 1390 1948 εύεργικῶ-

246 1989 344 2048 τατος
365 1967 415 2050 ἦν,
448 1969 501 2033 καὶ
534 1967 807 2049 ἀπαθανατισθεὶς
830 1969 908 2049 μετὰ
934 1973 993 2035 τοῦ
1019 1967 1163 2050 ἀδελφοῦ
1184 1971 1263 2048 τοὺς
1285 1989 1389 2035 ναυτι-

246 2070 325 2150 κοὺς
348 2072 453 2155 σῴζει.

615 2203 684 2246 curn
706 2187 801 2247 schol.
823 2188 882 2264 Ap.
902 2187 916 2244 Ι
939 2189 1019 2247 1037

344 2281 519 2365 ,,ἀδεοκέος
551 2282 683 2350 ἔκτοθεν
713 2283 830 2364 ἀτης“;
874 2285 913 2350 ού
946 2285 1151 2366 προσηνοῦς,
1187 2281 1386 2364 ἀπεοικυίας,

245 2387 376 2466 πικρᾶς·
413 2390 530 2466 δεῦκος
552 2387 614 2466 γὰρ
635 2387 673 2452 τὸ
695 2387 801 2465 γλυκύ,
830 2385 908 2453 ὅθεν
930 2387 968 2452 τὸ
991 2386 1211 2465 Πολυδεύκης.
1247 2385 1386 2464 καὶγὰρ
1446 2389 1447 2442 l

246 2489 310 2554 Ζῶν
332 2487 593 2570 εύεργικώτατος,
629 2487 683 2554 καὶ
707 2486 907 2568 ἀποθεωθελς
930 2487 995 2568 ἅμα
1014 2493 1059 2574 τῷ
1081 2485 1214 2572 ἀδελφῷ
1236 2488 1388 2570 διασῴζει
1445 2475 1446 2534 l

1444 2573 1445 2624 l

1443 2665 1444 2716 l

245 2755 384 2831 Apparet
405 2754 612 2831 etymologum
633 2755 664 2811 in
686 2752 801 2813 Orione
823 2772 879 2812 suo
901 2753 952 2812 illa
975 2769 1071 2830 usque
1087 2753 1128 2812 ad
1142 2748 1249 2829 οὕτως
1271 2739 1388 2830 Ὠρίων
1442 2755 1443 2808 l

246 2857 404 2926 invenisse,
427 2874 507 2933 quae
530 2856 622 2914 etiam
643 2874 725 2915 nunc
749 2857 806 2916 etsi
827 2857 918 2933 paulo
940 2855 1078 2915 breviora
1097 2855 1131 2913 in
1151 2862 1254 2912 nostro
1271 2853 1390 2914 Orione
1441 2853 1442 2900 l

247 2952 309 3033 (ed.
331 2956 416 3016 Sturz
440 2977 471 3035 p.
482 2959 533 3034 24,
555 2952 608 3036 20)
631 2967 750 3016 servata
773 2965 854 3017 sunt.
897 2959 948 3017 Ad
971 2957 1049 3014 haec
1070 2956 1192 3013 addidit
1214 2956 1295 3014 aliud
1311 2957 1388 3014 veri·
1440 2927 1441 2992 i

245 3060 391 3135 loquium,
424 3061 509 3135 quod
530 3059 562 3116 in
585 3059 707 3118 scholiis
728 3059 937 3135 Apollonianis
959 3058 1098 3134 repperit.
1148 3055 1315 3114 Verisimile
1339 3067 1389 3116 est

246 3161 339 3219 etiam
361 3158 484 3220 Orionis
507 3158 716 3236 veriloquium,
746 3160 830 3235 quod
852 3160 935 3218 idem
955 3159 986 3216 in
1007 3157 1067 3217 fine
1087 3158 1183 3217 nostri
1204 3157 1311 3215 scholii
1333 3175 1388 3214 ex·
1437 3101 1439 3178 A

246 3269 317 3340 stat,
339 3279 378 3319 ex
399 3261 515 3320 scholio
537 3261 569 3319 in
589 3261 672 3320 hunc
691 3261 847 3335 Apollonii
869 3260 968 3319 locum
990 3259 1132 3318 haustum
1155 3259 1258 3320 fuisse.
1294 3257 1386 3318 Prae-

246 3371 331 3422 terea
351 3363 421 3420 vide
443 3363 514 3424 Mill.
536 3382 567 3439 p.
583 3366 642 3424 247
666 3381 692 3424 ν.
708 3357 839 3438 Πλειάς,
871 3361 922 3420 ubi
954 3369 1118 3438 postquam
1149 3360 1316 3437 veriloquia
1345 3379 1384 3419 ex

247 3463 340 3525 schol.
361 3465 421 3540 Ap.
451 3463 578 3525 111225
611 3465 763 3540 exscripta
796 3463 893 3520 verbis
926 3448 1144 3538 Ἀπολλώνιος
1174 3459 1255 3522 ὁτά
1273 3459 1386 3538 Ἀργο-

246 3563 379 3626 ναυτικὰ
411 3567 453 3624 ad
479 3565 570 3622 finem
605 3565 740 3623 deducta
772 3572 858 3639 suut,
903 3563 1009 3621 ultimo
1043 3563 1111 3620 loco
1144 3561 1198 3620 Ori
1233 3545 1384 3621 sententia

248 3668 387 3729 adicitur.

346 3769 403 3828 His
425 3770 611 3846 argumentis
633 3769 707 3828 satis
726 3770 952 3827 demonstratur
967 3766 1098 3825 dubitari
1112 3784 1175 3826 non
1189 3783 1287 3843 posse,
1311 3766 1383 3843 quin

247 3869 313 3948 ipse
335 3871 385 3928 ille
407 3869 455 3928 Et
471 3869 514 3930 M.
536 3878 643 3930 auctor
662 3871 757 3930 multa
781 3887 819 3926 ex
833 3867 985 3944 Apollonii
1007 3867 1116 3924 codice
1139 3869 1170 3926 in
1191 3885 1259 3927 suas
1281 3867 1382 3944 copias

247 3973 441 4033 transtulerit.
484 3972 525 4031 Et
546 3980 580 4029 ut
600 3989 682 4029 nunc
704 3970 791 4047 quasi
810 3970 976 4044 periculum
1009 3967 1164 4043 iaciamus,
1196 3985 1270 4026 num
1301 3977 1382 4026 recte

248 4075 307 4132 hoc
329 4074 533 4134 statuerimus:
571 4073 596 4130 si
618 4073 681 4130 veri
702 4070 905 4147 Etymologici
928 4069 1034 4144 Magni
1066 4069 1183 4127 auctori
1204 4068 1382 4127 scholiorum

246 4193 319 4235 usus
340 4177 480 4243 debetur,
513 4191 640 4232 necesse
662 4180 708 4232 est
729 4173 761 4230 in
782 4171 832 4230 illo
854 4170 1068 4247 etymologica
1100 4171 1150 4228 cui
1171 4163 1251 4229 ἄλλο
1273 4186 1382 4226 nomen

248 4286 305 4344 est,
326 4275 530 4336 haecomnia
551 4273 726 4334 desiderari.
783 4273 822 4330 Et
843 4290 949 4331 revera
974 4273 999 4330 si
1022 4271 1268 4348 Etymologicum
1290 4269 1382 4328 Gudi-

248 4397 340 4439 anum
361 4377 616 4456 perlustrabimus,
650 4378 735 4462 quod
757 4376 876 4435 brevius
911 4376 989 4433 illius
1012 4375 1101 4433 lerici
1122 4382 1296 4450 excerptum
1320 4389 1381 4430 esse

249 4483 354 4544 docuit
376 4479 629 4554 Reitzensteinus,
662 4478 743 4537 hanc
764 4478 967 4554 suspicionem
992 4477 1198 4536 confirmatam
1219 4491 1381 4552 cognosce·
1410 4505 1411 4510 κ

245 2589 305 2669 τὰς
326 2592 415 2670 ναῦς.
459 2589 478 2666 ἢ
502 2587 650 2670 ἀφανοῦς
672 2590 723 2655 καὶ
744 2588 961 2672 ἀπραοράτου,
985 2589 1072 2669 παρὰ
1093 2589 1131 2655 τὸ
1150 2587 1253 2656 δείκαι.
