2938 4922
658 266 691 322 31

100 448 130 507 δ’
153 439 204 522 ἄρ’
227 441 335 506 ἔπειτα
357 439 445 522 πέδῳ
476 438 522 503 ἔνι
552 439 670 520 βόθρον
697 438 816 518 ὀρύξας
845 439 966 518 νόησεν
987 440 1110 521 σχίζας,
1142 441 1194 506 ἐπὶ
1216 443 1243 508 δ’

101 544 233 623 ἀρνειοῦ
256 542 334 622 τάμε
357 539 492 620 λαιμόν“
516 539 586 605 ἀντὶ
608 543 665 605 τού
688 540 849 620 πηχυαῑόν
872 540 970 606 ἐστιν.
1014 540 1246 624 Ἀπολλώνιος,

100 648 241 724 Uterque
262 648 346 705 locus
368 645 520 721 Apollonii
543 654 600 719 est,
623 645 704 721 prior
732 646 747 702 I
771 647 843 719 379,
867 643 943 703 alter
964 645 1006 702 ΙΙΙ
1031 649 1111 706 1207
1124 665 1168 722 sq.
1210 649 1246 706 In

102 751 203 810 Gaisf.
225 750 272 809 Et.
296 748 337 809 M.
360 749 468 807 dicitur
490 766 546 824 pro
568 750 612 822 ils,
650 767 731 825 quae
765 765 854 823 supra
887 765 925 804 ex
946 747 1064 807 Millero
1087 751 1243 814 dedimus:

100 851 140 914 τὸ
162 850 199 912 δέ
223 847 387 928 ,,Πήχυιον
409 846 528 926 βόθρον
549 844 689 925 ὀρύξας“
713 846 748 910 ἐν
770 835 944 930 Ὀδυσσείᾳ
967 844 1037 910 ἀντὶ
1064 851 1123 912 τοῦ
1145 868 1246 927 πηχυ-

101 949 177 1014 αἳόν
200 949 297 1013 ἑστιν.
342 951 413 1010 Hoc
434 948 469 1013 ἐν
491 937 670 1030 Ὀδυσσείᾳ
685 951 742 1009 nisi
759 951 837 1008 sorte
853 969 925 1010 casu
940 952 1046 1008 nescio
1061 969 1123 1027 quo
1138 962 1244 1016 natum

101 1072 173 1113 esse
195 1055 300 1122 mavis,
322 1062 438 1112 certum
461 1064 508 1113 est
530 1055 678 1114 indicium
699 1055 771 1112 olim
795 1053 956 1130 Odysseae
981 1070 1103 1130 quoque
1126 1072 1244 1112 versum

101 1159 219 1216 κ517ι
256 1152 395 1235 ,,βόθρον
425 1150 546 1230 ὀρύξαι,
580 1151 664 1216 ὅσον
684 1137 725 1216 τέ
742 1152 923 1228 πυγούσιον
956 1151 1034 1216 ἔνθα
1062 1152 1113 1215 καὶ
1147 1150 1246 1216 ἔνθα“

102 1259 198 1316 fuisse
220 1257 387 1316 adhibitum
409 1258 450 1316 ad
472 1257 628 1334 Apollonii
660 1258 859 1332 posteriorem
889 1274 1006 1314 versum
1027 1257 1245 1316 illustrandum.

101 1358 213 1416 Utrum
235 1359 331 1416 forma
352 1355 537 1433 πηχυαλεὺς
570 1376 610 1415 an
636 1353 804 1433 πηχύαλον
825 1359 863 1416 sit
884 1366 976 1433 recta,
1011 1358 1147 1415 iudicare
1180 1377 1244 1416 uon

100 1461 185 1532 licet,
209 1460 353 1534 quoniam
374 1459 452 1518 haec
475 1477 534 1516 vox
556 1459 627 1516 alibi
642 1459 705 1517 hon
727 1467 836 1520 exstat.

203 1561 276 1621 Mill.
302 1579 333 1636 p.
356 1563 418 1620 294
453 1579 479 1620 v.
501 1555 820 1636 ὑπεροπληέστατον·
852 1557 999 1638 ,,Βιθυνὶς
1022 1556 1123 1635 Μελίη
1151 1555 1245 1636 ὑπερ-

102 1657 329 1735 οπληέστατον
356 1656 504 1737 ἀνδρῶν’*
537 1659 606 1736 (Ap.
635 1657 726 1738 114).
770 1657 827 1722 τὸν
860 1657 1157 1736 ὑπερηφανώτατον
1193 1658 1245 1722 καὶ

101 1758 224 1839 βίαιον·
247 1761 386 1838 χρῶνται
407 1761 443 1823 δὲ
465 1763 504 1841 τῇ
531 1759 613 1824 λέξει
636 1757 760 1838 Αἰολεῖς
782 1759 834 1822 καὶ
861 1751 1057 1838 Ἀκαρνᾶνες
1089 1757 1158 1824 ἀντὶ
1186 1762 1246 1823 τού

99 1863 230 1936 (excidit
257 1858 393 1941 aliquid).
448 1859 626 1938 ύπεροπλία
647 1858 725 1938 γάρ·
758 1860 777 1937 ἡ
810 1861 846 1923 δὲ
873 1859 978 1925 Μελία
1009 1859 1191 1940 ἀμφίβολον
1224 1860 1244 1938 ἢ

98 1959 213 2040 κύριον
235 1958 337 2039 ὄνομα
362 1964 420 2039 τῆς
441 1961 569 2039 νύμφης
591 1959 611 2036 ἢ
633 1959 789 2025 ἐπίθετον.
821 1959 852 2024 οἱ
874 1961 909 2024 δὲ
932 1961 1061 2026 Βιθυνοὶ
1083 1961 1245 2042 πρότερον

101 2059 229 2144 Θρᾷκες
251 2060 347 2140 ἦσαν.
375 2066 472 2124 Huius
495 2057 754 2140 interpretationis
776 2065 807 2123 in
822 2066 933 2123 nostris
954 2063 1077 2124 'scholiis
1099 2067 1170 2125 nihil
1191 2085 1244 2125 ex-

100 2176 164 2226 stat
185 2168 243 2226 nisi
265 2165 390 2242 Βιθυνὶς
412 2163 530 2242 Μελίη·
554 2161 676 2242 ἄδηλον
696 2162 791 2229 ποῖόν
814 2162 883 2226 ἐστι
905 2163 943 2228 τὸ
969 2164 1079 2242 κύριον
1105 2177 1135 2226 et
1150 2163 1246 2244 ύπερ·

99 2266 318 2330 οπλέστατον·
341 2265 648 2345 ὑπερηφανώτατον.
694 2267 870 2327 Dolendum
892 2277 940 2326 est
959 2269 1061 2328 locum
1083 2287 1122 2328 ne
1146 2271 1177 2328 in
1193 2270 1242 2330 Et.

102 2372 228 2446 quidem
250 2370 290 2431 M.
314 2371 466 2446 integrum
488 2388 571 2445 esse3
601 2372 656 2429 sed
679 2379 762 2427 certe
785 2371 957 2428 observatio
979 2371 1028 2428 illa
1051 2371 1092 2428 de
1114 2372 1242 2429 Aeolum

103 2481 136 2528 et
159 2475 354 2532 Acarnanum
376 2490 431 2530 usu
455 2471 547 2548 digna
567 2479 614 2529 est
637 2489 717 2546 quae
737 2479 870 2532 notetur.
894 2501 934 2510 —
956 2472 1006 2530 Et.
1026 2471 1068 2532 M.
1093 2472 1161 2543 712,
1190 2475 1243 2533 18:

100 2569 298 2649 ,,Σιγύννους
320 2568 390 2647 ἰθὺς
413 2568 650 2649 όινασηόμενοιιι
672 2559 894 2647 Ἀπολλώνιος
917 2570 958 2650 (Η
976 2566 1039 2651 99).
1083 2559 1243 2650 Ἀλλαχού

102 2673 160 2752 μὲν
182 2670 367 2735 ἀσπιδίσκια
390 2669 495 2752 μικρὰ,
519 2669 674 2749 πελτάρια
697 2670 865 2749 λεγόμενα.
886 2671 1025 2735 ἐνταῦθα
1053 2673 1089 2736 δὲ
1119 2671 1244 2752 δόρατα

102 2773 288 2852 ὁλοσίδηρα.
311 2775 412 2836 ταῦτα
433 2774 470 2837 δὲ
493 2771 664 2849 ἐπεποίητο
687 2770 734 2851 εἰς
755 2772 857 2852 θήραν
878 2776 969 2836 συῶν
984 2773 1022 2838 τὸ
1037 2774 1177 2838 παλαιὸν
1192 2774 1244 2838 διὰ

101 2874 139 2938 τὸ
162 2873 245 2950 ἄγαν
267 2873 387 2954 θερμὸν
409 2874 461 2938 καὶ
482 2873 616 2953 ἰσχυρὸν
637 2877 695 2938 τού
718 2876 814 2959 Ζῴου.
840 2873 933 2940 ἔνθεν
949 2875 1001 2938 καλ
1015 2875 1148 2954 σίγυνος
1164 2874 1245 2955 είρη·

99 2996 160 3047 ται,
183 2974 349 3054 συϊκαινός
371 2994 420 3054 τις
443 2975 498 3050 ὤν,
522 2974 541 3039 ὁ
563 2976 640 3053 τοὺς
661 2978 724 3054 σύς
746 2976 866 3040 καίνων
889 2975 988 3040 οἱονεί
1013 2982 1143 3041 κεντῶν.
1188 2978 1246 3042 Καὶ

100 3077 131 3140 οἱ
155 3076 284 3155 Κύπριοι
319 3077 358 3140 τὰ
387 3075 510 3153 δόρατα
532 3076 708 3154 σιγύννους
730 3077 841 3155 φασίν.
897 3079 1038 3139 Scholion
1068 3059 1152 3139 'illius
1185 3082 1245 3140 loci

100 3180 173 3238 nihil
194 3180 287 3238 habet
320 3181 379 3238 nisi
408 3180 488 3240 hanc
510 3181 645 3238 ultimam
668 3182 914 3240 observationem
947 3191 979 3240 et
1012 3182 1244 3258 explicationem

99 3283 144 3343 rei
168 3276 300 3342 ἀκόντια
322 3277 507 3356 ὁλοσίδηρα.
554 3278 730 3356 Σιγύννους
760 3283 852 3340 etiam
876 3283 990 3358 clipeos
1014 3301 1083 3341 esse
1105 3282 1155 3341 hic
1177 3291 1245 3342 tan-

100 3391 164 3442 tum
186 3383 271 3441 etin
294 3383 402 3442 Zonar.
423 3401 453 3458 p.
470 3383 550 3442 1644
573 3382 635 3456 (ed.
660 3377 834 3454 Tittmannl
856 3349 1126 3456 coinmemoratun
1152 3402 1244 3460 quam

98 3485 383 3559 interpretationem
405 3485 599 3562 etymologus
622 3486 746 3544 aliunde
774 3486 932 3544 addidisse
962 3487 1088 3545 videtur.
1121 3516 1163 3526 —
1194 3485 1243 3547 Et.

98 3587 141 3646 M.
167 3586 236 3655 718,
261 3585 297 3646 31
333 3582 418 3662 (add.
441 3585 514 3646 Mill.
545 3606 574 3663 p.
597 3585 671 3662 267)
701 3605 727 3645 v.
750 3583 885 3647 σκολιὸν
906 3581 1025 3661 πόρον·
1065 3582 1115 3666 „ot
1137 3584 1165 3647 δ’
1189 3583 1244 3649 ὅτε

99 3685 140 3762 δὴ
162 3685 308 3748 σκολιοῖο
325 3679 429 3762 πόρου
452 3683 635 3750 στεινωπὸν
657 3681 797 3748 ἵκοντοίί.
830 3683 963 3758 σκολιὸν
986 3683 1090 3761 πόρον
1112 3685 1244 3761 λέγουσι

98 3783 158 3848 τόν
174 3783 238 3848 ἀπὸ
261 3786 435 3853 Βυζαντίου
457 3790 561 3852 πλούν
584 3785 646 3864 ἕως
668 3788 725 3849 τοῦ
747 3784 883 3865 στομίου
913 3787 971 3849 τοῦ
992 3784 1133 3858 Πόντου,
1166 3785 1244 3851 ἔνθα

101 3885 185 3950 εἰσὶν
207 3887 257 3950 καὶ
280 3887 311 3951 ui
335 3887 465 3952 κυάνεαι
488 3889 615 3966 πέτραι·
649 3886 668 3965 ἢ
692 3888 744 3951 διὰ
772 3886 809 3950 τὸ
843 3885 989 3966 σκαμβὸν
1012 3885 1163 3952 εἶναικαὶ
1185 3888 1244 3952 ούκ

98 3987 188 4052 ίσον·
216 3988 299 4053 ἔοικε
322 3993 367 4072 τῷ
389 3994 405 4054 ξ
427 3989 576 4072 στοιχείῳ
598 3988 650 4052 καὶ
671 3987 772 4070 θηρίῳ
796 3985 936 4065 ἕρποντι.
981 3990 1163 4066 Proponitur
1184 3994 1242 4069 Ap.

99 4112 125 4150 v.
151 4091 271 4168 11549,
294 4093 346 4151 nbi
368 4093 477 4151 frustra
498 4111 628 4170 quaeres
652 4093 745 4150 ullum
767 4091 915 4166 scholion,
942 4093 1056 4150 nedum
1080 4093 1243 4170 quicquam

101 4193 145 4252 de
165 4191 299 4268 σκολιὸς
323 4190 428 4269 πόρος
450 4194 573 4254 dictum.
617 4192 731 4251 Verum
750 4209 790 4251 ne
812 4193 842 4250 in
863 4191 911 4252 Et.
928 4191 1054 4268 quidem
1068 4191 1110 4253 M.
1123 4193 1244 4251 videtur

101 4297 190 4353 locus
211 4293 371 4355 incolumis
393 4311 476 4353 esse:
500 4296 525 4352 si
546 4290 566 4368 ἢ
589 4295 663 4352 illud
684 4302 801 4352 rectum
824 4309 892 4351 esse
913 4301 1061 4369 putamus,
1085 4293 1244 4369 suspican-

100 4397 175 4454 dum
197 4404 245 4455 est
267 4404 360 4455 antea
381 4396 472 4455 aliam
493 4397 728 4472 explicationem
748 4395 879 4453 nominis
900 4395 1061 4454 excidisse.

202 4497 249 4559 Et.
271 4498 312 4559 M.
337 4499 406 4574 421,
422 4501 457 4557 11
484 4518 510 4556 v.
522 4483 630 4573 Ἠερίη
652 4492 847 4572 ἡΑίγυπτος
867 4493 905 4557 τὸ
921 4493 996 4572 πρὶν
1015 4491 1169 4576 ἐκαλεῖτο,
1192 4491 1242 4560 ότι
