2938 4922
490 981 496 989 -
600 921 749 1004 Vita.

157 1279 160 1285 .
205 1230 301 1294 Natus
324 1248 390 1288 sum
412 1228 583 1288 Fridericus
604 1229 795 1289 Berckmann
818 1226 968 1288 Coloniae
990 1230 1177 1308 Agrippinae
1200 1231 1253 1290 die

104 1331 180 1390 XVI
198 1332 309 1390 mensis
331 1327 432 1390 Martii
454 1348 481 1391 a.
503 1330 531 1388 h.
555 1347 579 1387 s
598 1329 684 1388 LXX
704 1337 792 1405 patre
808 1329 932 1402 Iacob0,
954 1347 1047 1406 quem
1068 1331 1251 1389 adulescen-

104 1434 169 1492 tulo
191 1432 262 1490 mihi
283 1440 382 1491 morte
414 1439 552 1506 ereptum
574 1447 643 1488 esse
666 1431 770 1505 doleo,
808 1440 906 1490 matre
929 1431 1075 1490 Iacobina
1096 1432 1137 1488 de
1159 1440 1252 1507 gente

103 1532 171 1592 Ahl.
194 1532 304 1590 Fidem
323 1533 468 1609 profiteor
489 1530 708 1605 evangelicam.

204 1631 372 1691 Elementis
393 1631 559 1689 litterarum
581 1631 714 1693 imbutus
730 1650 802 1688 vere
824 1649 852 1692 a.
870 1631 990 1690 LXXX
1003 1631 1035 1690 in
1060 1633 1250 1707 gymnasium

103 1736 129 1792 F
132 1734 301 1793 ridericium
324 1731 518 1790 Guilelmium
539 1729 724 1790 Coloniense
746 1749 795 1789 me
818 1733 941 1802 contuli,
975 1732 1250 1810 cuiusdiscipulus

104 1836 149 1894 lui
169 1852 225 1911 per
246 1841 389 1909 quattuor
405 1849 504 1890 annos
527 1841 559 1889 et
574 1832 741 1891 semissem.
784 1831 908 1890 Deinde
925 1841 1091 1910 postquam
1106 1844 1250 1911 parentes

103 1937 165 1994 mei
192 1933 427 1995 Francofurtum
460 1933 501 1991 ad
522 1933 670 1990 Moenum
703 1933 969 2012 transmigravere‚
1005 1933 1063 1992 illic
1101 1935 1252 2009 gymnasii

102 2037 213 2096 urbani
227 2037 270 2094 fui
286 2035 467 2110 discipulus;
489 2034 531 2090 ibi
551 2051 629 2108 quos
650 2033 744 2091 habui
766 2043 984 2111 praeceptores
1000 2035 1032 2092 in
1045 2053 1095 2094 me
1115 2036 1251 2094 benevo-

105 2138 301 2214 lentissimos,
323 2135 491 2211 praecipue
506 2132 691 2192 Carolunr
713 2133 950 2212 Reinhardt,
975 2136 1061 2194 cuius
1077 2136 1132 2194 sub
1148 2138 1252 2213 auspi·

105 2240 159 2298 ciis
170 2239 259 2296 floret
270 2235 751 2313 gymnasium,Alexandrum
763 2235 898 2308 Riese,
920 2235 1128 2295 Heuricum
1143 2238 1252 2313 Iung-

105 2339 202 2415 blut,
224 2347 311 2414 grata
333 2355 454 2412 semper
476 2336 590 2393 tenebo
612 2337 767 2396 memoria.

204 2437 286 2495 Vere
309 2457 335 2498 a.
351 2435 515 2496 LXXXIX
536 2436 718 2495 maturitatis
741 2437 917 2497 testimonio
940 2438 1101 2498 instructus
1122 2441 1154 2498 in
1169 2441 1250 2500 hanc

104 2538 295 2598 academiam
315 2538 393 2604 veni,
428 2537 532 2612 ibique
554 2554 652 2612 usque
674 2539 715 2596 ad
737 2537 819 2596 hunc
848 2538 931 2597 diem
956 2541 1059 2598 studio
1081 2541 1248 2600 litterarum

104 2639 301 2709 Graecarum,
332 2639 519 2710 Latinarum,
550 2637 801 2698 Germanicarum
830 2657 957 2716 operam
978 2641 1061 2701 dedi.
1104 2638 1249 2701 Docuere

102 2760 155 2800 me
167 2760 194 2801 v.
207 2741 420 2813 cl.Bender,
441 2738 692 2818 Brinkmann,
709 2739 937 2812 Buecheler,
952 2741 1075 2822 Elter,
1090 2743 1251 2817 Franck,

104 2842 251 2911 lacobi,
284 2840 418 2910 Klein,
452 2840 664 2915 Litzmann‚
699 2839 934 2912 Loeschcke,
969 2842 1130 2914 Menzel,
1160 2845 1184 2904 1.
1218 2845 1251 2904 B.

104 2941 249 3018 Meyer,
271 2940 534 3018 Neuhaeuser‚
558 2941 716 3014 Nissen,
741 2939 901 3015 Usener,
924 2943 1146 3006 Wilmanns-
1169 2946 1248 3004 Bue-

104 3044 224 3114 cheleri,
245 3043 350 3112 Elteri,
384 3042 517 3101 Useneri
538 3041 690 3101 beneficio
712 3042 744 3100 in
767 3043 961 3103 seminarium
983 3046 1098 3122 regium
1119 3046 1248 3124 philolo·

104 3146 207 3220 gicum
229 3152 370 3220 receptus
394 3161 471 3218 sum,
494 3144 579 3202 cuius
603 3143 716 3201 sodalis
738 3142 781 3200 lui
802 3161 858 3219 per
878 3145 923 3203 bis
939 3164 994 3204 sex
1008 3166 1139 3208 menses.
1177 3148 1250 3207 Wil-

103 3246 225 3304 mannsi
246 3245 343 3319 gratia
360 3244 475 3303 factum
496 3252 551 3315 est,
575 3252 608 3302 ut
630 3245 662 3302 in
683 3245 878 3303 seminarium
897 3247 1015 3320 regium
1031 3247 1249 3308 Germanicum

101 3346 288 3405 admitterer.
332 3345 608 3402 Exercitationibus
630 3344 833 3421 epigraphicis
856 3354 889 3402 ut
904 3346 1091 3422 interessem,
1116 3348 1249 3424 benigne

97 3450 257 3514 concessit
272 3448 446 3508 Buecheler.
491 3448 609 3521 Quibus
630 3447 700 3504 viris
720 3447 861 3508 omnibus
880 3449 1009 3523 gratiam
1031 3449 1133 3507 habeo
1153 3451 1248 3508 maxi-

102 3567 199 3624 mam;
221 3549 383 3626 praecipue
405 3566 477 3606 vero
500 3547 689 3618 Buecheleri,
711 3546 817 3618 Elteri,
845 3546 976 3606 Useneri
996 3550 1174 3608 memoriam
1196 3550 1248 3625 pio
1289 3542 1291 3547 ’

102 3667 224 3725 semper
245 3649 344 3708 colam
363 3651 474 3709 animo.
