2938 4922
761 249 796 304 30

211 452 309 514 sentit
363 451 483 527 Scholii,
518 452 603 527 quod
622 451 653 508 in
675 451 722 508 Et.
751 451 792 510 M.
815 453 886 530 345,
905 451 944 509 24
981 471 1007 512 v.
1031 446 1149 526 ἔντομα
1178 452 1288 530 legitur
1319 453 1351 511 in

209 555 267 629 Ap.
295 553 354 615 v.I
376 554 447 624 587,
482 552 579 628 prima
610 561 727 612 tantum
758 571 828 629 pars
861 555 939 612 inter
972 553 1085 612 scholia
1118 554 1207 613 Laur.
1237 563 1363 622 exstat.

217 672 308 714 omne
340 655 396 713 etsi
417 654 519 729 paullo
540 654 599 713 alia
617 653 713 713 forma
746 655 778 712 in
807 654 926 713 scholiis
949 656 1076 730 volgatis
1107 655 1263 716 invenitur.
1313 655 1350 713 In

215 756 415 816 adnotatione
444 756 485 812 ad
517 755 566 817 Et.
589 755 631 816 M.
653 755 722 829 233,
746 757 783 814 19
820 773 858 813 ex
880 757 948 814 cod.
972 755 1001 812 V
1032 763 1121 814 notat
1141 756 1348 817 Gaissordius:

210 854 424 918 Γλαύσουσιν·
447 852 503 934 ,ἐκ
523 851 664 932 περάτης
695 850 844 935 ἀνιοῦσα,
878 851 1112 929 διαγλαύσουσι
1134 853 1161 918 δ’
1184 852 1349 933 ἀταρποί“.

207 953 278 1020 ἀντὶ
298 957 357 1019 τοῦ
380 952 567 1033 λάμπουσιν.
589 953 622 1019 ἐξ
645 951 685 1016 οὗ
708 953 760 1018 καὶ
782 956 972 1032 γλαυκῶπις.
994 953 1127 1034 περάτη,
1159 958 1217 1020 νῦν
1250 954 1349 1033 μὲνὴ

208 1054 364 1134 ἀνατολή·
387 1054 520 1120 δύναται
535 1055 572 1118 δέ
587 1054 637 1118 ἐπλ
652 1053 781 1134 δύσεως
797 1054 849 1117 καὶ
869 1053 919 1118 ἐπ’
935 1053 1053 1133 ἄρκτου
1068 1055 1121 1118 καὶ
1139 1055 1348 1135 μεσημβρίας.

207 1153 340 1234 Περάτη
364 1156 489 1232 λέγεται
510 1156 562 1220 καὶ
583 1155 621 1219 τὸ
644 1156 748 1234 τέλος.
793 1159 871 1216 Cum
891 1160 973 1235 prior
986 1177 1057 1234 pars
1080 1159 1182 1218 similis
1197 1160 1236 1218 sit
1253 1158 1348 1219 schol.

207 1259 295 1321 Laut.
320 1245 492 1319 inversum
512 1262 703 1338 propositum
726 1261 739 1317 I
764 1260 854 1329 1280,
877 1277 958 1335 quae
979 1261 1347 1348 sequiturOinterpretatio

205 1362 287 1420 vocis
309 1358 431 1437 περάτη
454 1380 517 1419 non
538 1362 682 1420 convenit
703 1381 772 1420 cum
795 1379 841 1437 ea,
863 1380 943 1438 quae
966 1364 1058 1421 estin
1073 1364 1144 1422 cod.
1166 1361 1268 1432 Laut„
1289 1363 1348 1420 sed

206 1481 277 1524 cum
298 1463 420 1522 scholiis
444 1464 581 1540 volgatis,
617 1465 668 1522 ubi
690 1466 744 1524 sic:
775 1462 901 1538 λέγεται
932 1462 968 1525 δὲ
1001 1461 1117 1540 κυρίως
1146 1459 1166 1537 ἡ
1197 1459 1349 1540 ἀνατολή.

205 1563 310 1642 πέρας
333 1562 394 1642 γὰρ
418 1561 498 1640 αὕτη
521 1565 579 1641 τῆς
600 1561 822 1641 τοῦοὐρανοῡ
845 1563 1013 1643 κινήσεως.
1058 1551 1202 1626 Ἐκεῖθεν
1214 1563 1278 1641 γὰρ
1292 1561 1348 1639 ἄρ-

206 1684 296 1743 χεται
318 1664 370 1728 καὶ
392 1662 438 1742 εἰς
453 1663 554 1742 αὐτὴν
577 1665 720 1749 τελευτᾷ.
764 1669 856 1728 Adde
875 1668 937 1727 huc
958 1669 1007 1728 Et.
1032 1668 1072 1728 M.
1096 1669 1166 1746 712,
1189 1667 1228 1726 48
1253 1685 1281 1727 v.
1297 1662 1348 1748 Σί-

205 1786 305 1847 κινος,
332 1770 384 1827 ubi
412 1778 564 1846 corrupte:
599 1765 844 1846 Μετωνομὰσθη
877 1767 914 1831 δὲ
943 1767 998 1843 (sc.
1022 1764 1148 1844 Οἰνοίη)
1176 1763 1241 1829 ἀπὸ
1276 1761 1349 1828 υἱοῦ

205 1865 352 1946 Θόαντος
368 1866 564 1948 Σικίνουκαλ
578 1865 907 1950 νύμφηςζολνοναλδος
923 1871 996 1948 (hoc
1010 1879 1059 1928 est
1074 1865 1192 1946 Οἰνόης
1207 1864 1345 1945 ναλδος),

204 1989 272 2030 cum
294 1971 385 2030 schol.
407 1971 497 2032 Laut.
521 1973 561 2030 ad
576 1971 590 2030 1
605 1973 665 2032 623
688 1969 988 2049 ρταελιεοῐνύμφης
1003 1967 1136 2047 Οἰνώης.
1156 1970 1251 2031 schol.
1266 1971 1348 2047 volg.
1457 2053 1458 2060 ἵ

205 2070 324 2150 Ναίδος
345 2070 482 2150 νύμφαςο
1457 2061 1458 2104 r

305 2175 434 2234 Primum
456 2193 538 2234 nunc
562 2194 618 2234 eos
639 2176 723 2236 locos
744 2177 876 2254 profero,
900 2178 1010 2255 quibus
1032 2178 1064 2235 iu
1086 2176 1208 2234 scholiis
1223 2176 1344 2244 nostris

206 2295 275 2336 cum
297 2279 377 2336 desit
399 2279 567 2356 adnotatio,
589 2278 662 2337 nihil
682 2281 865 2356 respondet3
888 2280 945 2339 hos
968 2289 1068 2338 utrum
1086 2278 1117 2336 in
1130 2285 1235 2336 nostra
1256 2276 1348 2334 scho-

205 2378 244 2436 lia
265 2377 399 2438 inserere
420 2380 513 2438 liceat
534 2398 642 2460 necne,
666 2381 792 2440 omnino
813 2383 845 2440 in
866 2382 969 2440 medio
992 2380 1231 2455 relinquendum.

303 2479 347 2539 Ut
367 2481 438 2538 alibi
459 2481 575 2541 scholia
595 2490 701 2541 nostra
722 2500 786 2540 non
807 2482 925 2558 integra
951 2499 1021 2540 esse
1044 2478 1313 2540 animadvertimus
1323 2469 1344 2553 ¹,

204 2581 248 2641 sic
269 2582 301 2639 in
322 2582 387 2639 libri
408 2583 496 2659 primi
517 2583 636 2643 scholiis
659 2585 731 2642 inde
754 2603 773 2642 a
797 2603 824 2646 v.
841 2585 901 2645 325
924 2584 1083 2660 usquead
1105 2602 1131 2644 ν.
1147 2584 1205 2641 401
1231 2599 1345 2656 magna

203 2692 252 2741 est
271 2684 391 2742 lacuna.
435 2683 536 2757 Quam
557 2685 589 2742 in
611 2686 718 2744 codice
738 2703 795 2744 suo
816 2701 880 2744 non
901 2685 1046 2744 habuisse
1069 2685 1275 2760 etymologum
1298 2693 1345 2741 te·
1456 2689 1457 2696 ’

202 2785 255 2842 stis
278 2792 326 2844 est
346 2785 394 2846 Et.
415 2785 458 2845 M.
481 2785 551 2863 671,
574 2788 592 2845 8
616 2785 703 2861 (add.
718 2785 789 2846 Mill.
811 2804 841 2861 p.
857 2780 931 2862 243)
955 2804 981 2846 v.
1003 2782 1153 2861 πήχυιον·
1177 2779 1249 2847 οἷον
1265 2781 1345 2861 ,τιή-

146 2957 149 2964 ,
202 2901 294 2962 χυιον
315 2881 500 2962 προῦχοντα
523 2882 595 2961 περὶ
617 2885 773 2962 σκαλμοῖς
796 2880 990 2961 ἀνέδησαν“.
1013 2881 1044 2947 οἱ
1059 2884 1117 2960 μὲν
1131 2883 1241 2962 μικρὸν
1255 2880 1344 2961 ἱμαν-

201 2983 302 3049 τίδιον
323 2984 362 3048 τὸ
383 2983 524 3063 συνέχον
546 2984 604 3062 τὴν
630 2984 743 3062 κώπην
764 2983 848 3063 πρὸς
863 2983 921 3049 τὸν
934 2983 1090 3066 σκαλμόν,
1113 2983 1195 3063 ὅπερ
1207 2981 1345 3047 Ἀττικοὶ

200 3083 367 3163 πηχυαλέα
390 3085 477 3164 (Mill.
500 3084 680 3164 πηχύαλον)
703 3087 867 3151 καλοῦσιν.
901 3085 932 3151 οἱ
964 3087 1000 3150 δέ
1028 3085 1066 3149 τὸ
1088 3082 1223 3148 ὄπισθεν
1245 3084 1344 3163 μέρος

200 3187 258 3264 τῆς
283 3186 403 3266 κώπης,
426 3185 507 3264 ὅπερ
525 3187 670 3265 κατέχων
693 3186 712 3250 ὁ
733 3186 855 3267 ναύτης
871 3189 1060 3266 κωπηλατεῑ.
1082 3187 1121 3250 τὸ
1136 3187 1173 3250 δὲ
1189 3186 1343 3269 ,πήχυιον

300 3424 458 3496 ¹Altetius‚
477 3432 556 3498 tertii,
575 3431 659 3498 quarti
679 3432 743 3482 libri
764 3438 866 3482 exstant
885 3438 1045 3500 argumenta,
1063 3430 1138 3496 primi
1151 3430 1246 3480 frustra
1263 3443 1342 3494 quae·

199 3531 249 3569 res.
285 3519 318 3568 In
337 3519 446 3570 scholiis
464 3520 531 3586 ipsis
549 3520 592 3570 alii
612 3521 771 3570 scholiorum
790 3520 845 3570 loci
864 3519 1044 3585 respiciuntur,
1069 3533 1182 3584 quorum
1201 3517 1341 3568 nonnullos

200 3621 269 3657 nunc
287 3607 483 3660 desideramus:
502 3610 534 3662 cf.
554 3609 638 3662 schol.
656 3612 709 3676 Ap.
728 3611 756 3658 11
775 3607 836 3676 317,
858 3609 885 3656 II
908 3606 960 3660 399
980 3604 1085 3674 (p.414‚
1106 3605 1140 3658 10
1149 3605 1204 3672 Κ.),
1232 3606 1260 3655 Π
1280 3603 1341 3663 672,

199 3695 306 3757 11963,
325 3697 354 3746 11
373 3695 452 3762 1242,
470 3713 538 3764 quae
557 3713 611 3763 quo
631 3697 769 3748 referenda
789 3697 839 3747 sint
858 3711 911 3748 non
930 3696 1055 3762 reperies.
1101 3695 1171 3745 Aliis
1190 3695 1258 3744 locis
1277 3693 1342 3743 nihil

199 3786 378 3838 desideratur:
398 3785 481 3838 schol.
500 3784 655 3852 Ap.11178
673 3785 789 3851 itemque
807 3785 890 3837 schol.
900 3787 954 3852 Ap.
971 3787 999 3835 Π
1010 3784 1063 3838 347
1081 3784 1244 3850 respondent
1255 3781 1341 3835 schol.

198 3874 250 3940 Ap.
265 3875 294 3924 11
313 3873 372 3940 177,
392 3875 477 3928 schol.
497 3875 549 3940 Ap.
569 3873 685 3928 111005
705 3881 806 3941 spectat
825 3876 859 3926 ad
878 3874 958 3925 schol.
977 3873 1029 3939 Ap.
1048 3875 1076 3922 H
1100 3871 1160 3938 373,
1183 3871 1268 3923 schol.
1288 3871 1341 3936 Ap.

197 3963 239 4012 111
257 3961 311 4016 242
328 3964 363 4012 ad
381 3963 466 4016 schol.
484 3963 536 4030 Ap.
555 3964 597 4012 111
614 3961 675 4023 200,
695 3963 780 4016 schol.
794 3965 847 4028 Ap.
857 3963 898 4013 IV
919 3960 987 4014 1002
1005 3961 1039 4012 ad
1057 3960 1138 4014 schol.
1157 3958 1260 4025 np.1v
1278 3957 1340 4010 303.

198 4053 260 4102 Uno
279 4051 440 4103 scholiorum
459 4052 520 4102 loco
541 4051 641 4103 codicis
660 4052 829 4102 Laurentiani
857 4051 940 4101 lectio
970 4051 1094 4102 adversus
1113 4047 1227 4097 Merkeli
1251 4061 1341 4096 emen-

198 4141 331 4191 dationem
350 4139 471 4191 firmatur.
509 4139 614 4204 Legitur
632 4140 659 4189 in
677 4139 761 4192 schol.
782 4140 816 4188 ad
835 4141 876 4188 IV
896 4137 976 4191 1175:
996 4136 1157 4203 χερνήσοιο·
1176 4136 1230 4201 τὴν
1244 4135 1341 4201 χερσό-

197 4241 287 4295 νησον
304 4226 441 4294 χέρνησον
459 4227 569 4295 εἴρηκεν
589 4229 628 4292 ὡς
647 4229 732 4296 ἐντῷ
751 4227 870 4296 πρώτῳ;
896 4227 1062 4290 intellegitur
1079 4243 1104 4277 v.
1123 4226 1138 4275 Ι
1156 4222 1222 4278 925ι
1256 4223 1341 4290 ,νέον

197 4297 230 4381 γέ
250 4315 300 4382 μέν
318 4313 423 4380 ἠελίοιο
443 4316 581 4381 δυομένου
600 4315 743 4382 Χέρνησον
763 4317 808 4368 ἔπι
826 4316 1007 4381 προῦχουσαν
1028 4313 1154 4368 ἵκοντοέέ.
1199 4313 1243 4364 Sic
1268 4319 1340 4364 recte

196 4405 277 4455 hahet
296 4404 354 4456 cod.
372 4405 461 4468 Laus,
480 4405 622 4456 Merkelius
642 4412 729 4455 autem
749 4405 884 4455 substituit
904 4403 1073 4472 Χερόνησον,
1099 4406 1171 4471 quod
1191 4421 1223 4456 ex
1243 4406 1339 4458 scholii

198 4493 280 4544 nostri
300 4491 451 4542 testimonio
472 4492 617 4544 reiciemus.
