2938 4922
786 265 822 328 tt

562 449 610 509 Et.
633 449 674 508 M.
698 452 767 517 655,
791 452 830 511 45
854 469 880 510 ν.
902 445 1041 526 παστάς.

331 545 469 630 παστάς,
491 547 530 624 ἣν
552 547 643 628 ἡμεῖς
665 547 816 612 παστάδα
847 546 913 629 (sic.
937 553 1041 620 codd..
1064 544 1279 626 προπαστάδα
1301 568 1374 626 pro-

232 653 335 727 posuit
357 650 470 728 Gaisf.)
493 649 646 728 λέγομεν·
669 650 721 713 καὶ
743 647 866 727 εἴρηται
889 649 994 728 οὕτως
1019 649 1070 712 διὰ
1085 648 1123 712 τὸ
1139 648 1175 712 ἐν
1190 647 1270 729 αὐτῇ
1287 648 1374 727 ἡμᾶς

164 789 166 794 ,
231 752 398 823 σιτεῖσθαι,
421 750 509 829 παρὰ
530 749 568 814 τὸ
590 747 767 815 πάσασθαι.
812 739 1027 829 Ἀπολλώνιος
1050 751 1137 831 (Mill.
1161 771 1189 830 p.
1215 755 1275 812 237
1298 755 1374 812 add.

231 873 257 916 v.
279 855 293 914 I
317 857 394 916 789:
418 853 539 932 ,μαλιῖς
561 852 614 916 διὰ
635 849 806 929 παστάδος
828 849 918 917 εἷσεν
941 849 1113 930 άγουσα“).

655 1007 754 1068 Schol.
781 1009 837 1084 Ap.
861 1009 874 1065 I
897 1009 967 1069 789.

329 1109 452 1187 ‚pulis
486 1103 525 1170 δι’
559 1104 779 1184 ἀναστάδοςιι·
816 1106 856 1183 ἣν
877 1105 968 1186 ἡμεῖς
991 1105 1162 1186 προστάδα
1196 1105 1254 1188 (sic
1284 1111 1377 1170 Laur.

233 1207 349 1268 Keilius
372 1211 491 1287 scripsit
510 1205 673 1285 παστάδα)
697 1207 842 1285 λέγομεν.
866 1206 988 1286 εἴρηται
1009 1209 1044 1272 δὲ
1068 1206 1172 1287 οὕτως
1195 1209 1247 1272 διὰ
1275 1209 1312 1272 τὸ
1337 1209 1376 1274 ἐν

231 1306 309 1389 αὐτῇ
332 1311 490 1373 σιτεῖσθαι
511 1307 595 1388 ἡμᾶς
619 1307 719 1372 οἱονεὶ
740 1307 916 1374 πάσασθαι.

231 1461 341 1523 Subest
362 1463 412 1522 hie
434 1465 611 1524 difficultas:
639 1465 670 1523 in
693 1465 845 1542 Apollonii
867 1483 952 1526 versu
969 1474 1000 1523 et
1016 1466 1122 1524 scholii
1138 1466 1281 1549 lemmate
1302 1467 1376 1527 cod.

234 1565 323 1626 Laur.
346 1566 473 1642 praebet
496 1566 595 1641 καλῆς
617 1561 657 1626 δι’
675 1561 869 1642 άναστάδος,
893 1569 977 1644 (μισεῖ
992 1569 1116 1625 verbum
1134 1585 1204 1626 cum
1223 1584 1379 1643 nusquam

231 1649 302 1725 alibi
329 1668 461 1748 prodeat
494 1676 525 1724 et
547 1668 689 1726 reiciatur
710 1668 759 1728 Et.
782 1685 903 1743 quoque
918 1669 970 1745 M.‚
993 1687 1054 1728 una
1076 1670 1175 1726 littera
1196 1675 1313 1727 mutata
1336 1687 1378 1724 ex

231 1765 284 1829 διὰ
306 1765 475 1845 παστάδος
498 1777 674 1845 corruptum
703 1761 772 1828 esse
806 1769 895 1828 facile
928 1771 1129 1846 cognoscitur,
1163 1779 1195 1828 et
1218 1771 1261 1828 sic
1291 1777 1377 1826 recte

233 1869 398 1952 Merkelius
419 1871 521 1947 posuit
541 1873 573 1930 in
595 1873 731 1930 editione
754 1890 817 1932 sua.
874 1873 909 1930 In
941 1871 1054 1931 scholio
1078 1880 1183 1929 autem
1211 1869 1378 1945 genuinum

233 1974 362 2032 servavit
383 1975 453 2036 cod.
477 1973 576 2045 Laut,
604 1975 719 2049 inquo
742 1975 850 2050 legitur
872 1969 1029 2051 προστάς,
1064 1975 1149 2050 (μισεῖ
1172 1972 1287 2030 Keilius
1309 1989 1377 2029 mu-

233 2074 307 2134 tavit
327 2076 359 2131 in
379 2070 507 2150 παστάς
536 2055 658 2151 (vocem
685 2071 832 2150 προστάς
854 2094 872 2132 a
895 2075 1017 2134 scholiis
1050 2075 1112 2133 'non
1147 2075 1277 2132 alienam
1307 2090 1379 2131 esse

233 2184 417 2235 monstratur
439 2176 533 2235 schol.
550 2176 617 2234 adl
631 2170 737 2253 1174).
770 2176 820 2234 De
837 2177 1058 2252 significatione
1073 2179 1231 2235 verborum
1246 2169 1378 2249 παστάς

234 2287 266 2336 et
287 2273 436 2352 προστάς
458 2278 536 2352 vide,
560 2277 633 2352 quid
658 2277 740 2336 dicat
762 2277 913 2335 Vitruvius
929 2277 972 2334 Vl
988 2281 1016 2356 7,
1034 2279 1065 2336 1:
1100 2277 1170 2354 „hic
1191 2277 1276 2335 locus
1292 2277 1379 2350 apud

234 2379 395 2437 nonnullos
428 2387 558 2453 prusias,
592 2381 676 2454 apud
706 2379 782 2436 alios
810 2388 913 2455 pastas
943 2378 1144 2448 nominatur“‚
1180 2379 1264 2453 quod
1293 2377 1379 2434 idem

237 2481 365 2539 traditur
388 2481 420 2538 in
440 2479 488 2540 Et.
511 2479 552 2540 M.
576 2482 644 2553 688,
668 2483 706 2540 35
731 2499 757 2540 v.
782 2477 958 2555 πρόδομος.
1015 2479 1081 2538 Nec
1117 2488 1220 2556 potest
1252 2479 1382 2536 dubium

235 2600 304 2640 esse
326 2582 400 2657 quin
420 2582 504 2639 idem
527 2583 557 2639 in
579 2581 695 2640 scholio
716 2589 822 2639 nostro
845 2581 1037 2658 significetur.
1081 2581 1143 2639 Sed
1166 2580 1299 2639 omnium
1323 2580 1381 2635 ad-

236 2683 296 2741 huc
318 2683 568 2742 emendationum
589 2700 681 2740 causa
702 2682 759 2739 fuit
781 2701 828 2757 ea,
851 2684 934 2759 quod
957 2682 1155 2758 veriloquium
1169 2699 1232 2738 non
1252 2680 1381 2737 videba-

236 2793 284 2842 tur
306 2785 457 2860 quadrare
478 2784 510 2841 in
531 2784 656 2842 verbum
678 2785 867 2860 praecedens
889 2779 1048 2860 προστάς.
1102 2783 1144 2840 At
1176 2799 1256 2856 quae
1284 2799 1381 2840 causa

237 2894 284 2944 est
306 2903 359 2944 cur
381 2885 439 2942 hoc
466 2886 508 2944 ad
538 2871 684 2960 ιτροστάς
706 2887 808 2960 potius
845 2899 936 2961 quam
970 2887 1013 2944 ad
1042 2865 1169 2959 παστάς
1201 2884 1381 2952 reseramus

237 3003 420 3062 quamquam
444 2985 504 3044 hoc
525 2987 654 3062 primum
676 2995 763 3044 tenet
785 2982 905 3045 locum?
964 2985 1129 3044 Praeterea
1163 3001 1266 3042 nonne
1298 2993 1383 3042 esset

237 3088 355 3156 mirum,
385 3089 411 3144 si
433 3087 515 3145 verbi
535 3105 598 3145 non
620 3105 638 3143 a
661 3095 755 3163 poeta
777 3088 878 3162 positi,
913 3089 969 3145 sed
1000 3087 1032 3144 in
1054 3085 1175 3144 scholiis
1198 3085 1383 3160 interpreta-

238 3189 329 3247 tionis
357 3208 450 3249 causa
471 3190 582 3265 prolati
604 3189 802 3264 veriloquium
826 3185 968 3246 daretur?
1010 3189 1118 3264 Itaque
1144 3187 1309 3262 legendum
1334 3195 1384 3243 est

237 3291 269 3348 in
291 3308 377 3348 versu
399 3289 554 3366 Apollonii
573 3289 674 3366 καλῆς
697 3287 749 3350 διὰ
771 3288 940 3366 παστάδος
967 3298 998 3347 et
1020 3290 1051 3347 in
1072 3289 1188 3348 scholio
1219 3285 1258 3362 ἢν
1289 3281 1384 3362 ἡμεῖς

237 3387 410 3467 προστάδα
433 3388 577 3468 λέγομεν.

338 3492 388 3552 Et.
411 3493 453 3552 M.
481 3496 548 3570 147,
571 3495 610 3553 29
645 3513 671 3554 v.
695 3487 853 3568 ἀροτρεύς
886 3488 939 3570 (cf.
961 3491 1033 3552 Mill.
1054 3510 1084 3567 p.
1111 3495 1159 3570 45,
1189 3492 1240 3568 qui
1262 3500 1385 3549 rectum

239 3593 351 3652 lemma
373 3595 501 3652 servavit
523 3588 652 3669 ἄροσιν)
685 3594 733 3652 hic
763 3595 874 3666 intem,
908 3611 1090 3669 quamquam
1121 3593 1194 3651 nihil
1216 3593 1317 3652 adfert
1340 3595 1385 3650 ad

240 3695 354 3753 scholia
375 3696 579 3763 emendanda,
604 3697 660 3753 sed
680 3695 790 3771 insigni
813 3697 954 3770 exemplo
979 3706 1035 3772 est,
1069 3711 1130 3770 quo
1155 3693 1388 3751 demonstretur

240 3814 331 3872 quem
353 3797 458 3854 mirum
480 3798 512 3880 in
531 3797 657 3855 modum
679 3805 837 3854 auctorum
852 3799 975 3854 nomina
989 3813 1220 3872 nonnumquam
1237 3804 1385 3870 corrupta

240 3899 307 3958 sint.
333 3898 369 3954 ln
391 3898 508 3956 scholio
524 3899 566 3955 ad
579 3898 594 3954 I
609 3899 669 3958 826
692 3899 816 3974 legitur:
840 3893 1096 3973 Διονυσοφάνης
1119 3894 1155 3957 δὲ
1177 3891 1297 3971 βόθρον
1320 3913 1386 3972 φη·

242 3995 296 4059 σὶν
317 3993 397 4060 εῖναι
419 3995 455 4060 ἐν
480 4000 518 4078 τῇ
543 3996 652 4080 Θρᾴκῃ
683 3999 764 4069 κτλ.;
801 4001 884 4075 apud
907 3999 979 4059 Mill.
1014 4000 1032 4059 l.
1060 4000 1078 4059 l.
1102 4016 1216 4057 nomen
1248 3997 1323 4055 abiit
1355 4000 1387 4055 in

242 4093 414 4175 Διοφάνης
451 4108 482 4157 et
503 4097 604 4175 φησίν
626 4101 753 4174 excidit3
790 4103 821 4159 in
843 4101 892 4160 Et.
913 4102 956 4160 M.
985 4101 1119 4176 denique
1148 4116 1261 4158 nomen
1293 4098 1387 4174 plane

241 4201 381 4271 evanuit3
413 4201 576 4260 habemus:
611 4198 674 4262 Διὸ
694 4198 777 4277 φασὶ
808 4198 860 4262 καὶ
882 4199 1001 4278 βόθρον
1034 4196 1116 4262 εἶναι
1143 4198 1178 4262 ἐν
1200 4196 1321 4280 θρᾴκῃ.
1345 4231 1387 4240 —-

141 4383 147 4394 ¹
241 4301 289 4359 Et.
312 4301 354 4361 M.
379 4303 406 4376 2,
431 4305 466 4361 ll
491 4321 517 4361 v.
535 4297 720 4380 Ἀβαρνίδα,
754 4321 842 4379 quem
864 4304 963 4362 locum
984 4305 1043 4362 iam
1066 4321 1157 4380 supra
1179 4321 1207 4378 p.
1231 4305 1304 4378 6sq.
1327 4303 1388 4360 alia

243 4404 284 4460 de
306 4421 490 4462 causacum
511 4402 625 4462 scholio
648 4405 806 4464 ad1932
829 4406 1084 4481 comparavimus3
1120 4411 1215 4462 restat
1251 4411 1285 4460 ut
1309 4403 1389 4462 fruc-

245 4512 308 4564 tum
332 4505 374 4563 ad
397 4503 535 4562 scholion
557 4507 785 4564 emendandum
807 4508 880 4565 inde
902 4508 1067 4583 capiamus.
1111 4506 1242 4564 Primum
1258 4513 1388 4582 apparet
