2938 4922
775 275 810 338 42

219 465 362 539 equidem
384 480 446 520 non
468 460 585 520 dubim.
639 459 689 518 De
715 461 774 518 hoc
795 461 925 520 Mercuri
955 461 986 518 in
1010 460 1222 538 Proserpinam
1243 462 1360 540 impetu

219 573 348 640 excepto
371 563 431 621 hoc
453 563 522 621 loco
544 580 645 640 paene
662 561 734 620 nihil
756 562 844 620 nobis
861 563 1004 621 traditum
1020 570 1084 635 est;
1110 562 1230 621 videtur
1245 564 1285 622 de
1301 564 1361 622 hoc

217 667 248 723 in
270 664 415 740 mysteriis
430 662 646 722 Samothraciis
665 671 821 721 narratum
843 662 947 730 luisse,
970 662 1188 722 utLobeckius
1212 664 1244 720 in
1268 663 1360 739 Agla·

219 765 289 841 oph.
311 783 340 840 p.
363 767 444 824 1213
466 764 635 824 arbitratur.
679 764 845 840 Attingitur
866 781 914 822 res
936 763 967 820 in
990 763 1221 839 Prop.112,11
1245 773 1279 821 et
1300 764 1361 823 Cic.

218 868 259 923 de
281 875 342 922 nat.
364 866 449 924 deor.
473 863 518 924 III
541 865 590 936 22,
611 867 651 925 56
675 859 727 939 (ci.
750 863 869 924 Herod.
892 862 1008 940 1151).
1052 864 1172 923 Eodem
1198 874 1291 940 atque
1314 865 1363 922 hic

217 967 299 1024 vocis
323 961 427 1041 Βριμώ
449 965 488 1023 ab
511 960 743 1042 ἐνεβριμήσατο
765 965 931 1040 veriloquio
953 965 986 1022 in
1006 965 1289 1024 adnominationem
1305 967 1360 1022 uti·

218 1077 267 1126 tur
289 1068 413 1126 Lucian.
436 1066 583 1141 Necyom.'
606 1067 655 1127 20.
682 1098 715 1106 -
741 1067 790 1128 Et.
814 1065 858 1124 M.
875 1069 947 1135 697,
970 1069 1011 1126 50
1033 1085 1058 1126 ν.
1074 1063 1221 1142 πυρόειςτ
1243 1063 1361 1146 ,πυρό-

218 1187 265 1244 εις
288 1164 511 1243 ἀπολάμπεται
532 1163 664 1243 ἀστήρ“.
708 1154 935 1244 Ἀπολλώνιος.
969 1161 1019 1228 ὅτι
1047 1163 1193 1243 ὁάστήρ
1215 1165 1234 1229 ὁ
1257 1163 1360 1244 Ἄρης

220 1265 283 1331 ὑπὸ
305 1267 362 1345 μὲν
382 1257 548 1344 Ἑλλήνων
561 1264 662 1344 Ἄρης
684 1265 820 1344 λέγεται,
842 1264 905 1330 ὑπὸ
926 1266 962 1330 δὲ
978 1263 1154 1341 Αἰγυπτίων
1177 1265 1229 1330 καὶ
1243 1265 1362 1344 ἀστρο-

220 1367 330 1444 νόμων
343 1365 494 1446 Πυρόεις,
518 1364 582 1430 ὑπὸ
604 1365 640 1430 δὲ
655 1365 823 1430 Χαλδαίων
834 1363 1005 1444 Ἡρακλῆς.
1027 1366 1100 1444 περὶ
1113 1371 1235 1431 παθῶν.
1258 1369 1361 1430 Locus

219 1481 267 1530 est
289 1471 338 1532 ΙΙΙ
358 1472 447 1545 1377,
486 1471 537 1528 ubi
570 1470 601 1530 in
636 1471 750 1529 scholio
783 1471 866 1528 idem
898 1471 1034 1529 invenies
1061 1481 1193 1548 excepto
1215 1473 1361 1547 eoquod

218 1573 347 1631 adicitur
369 1572 408 1628 ab
431 1571 590 1648 Aegyptiis
621 1581 653 1628 et
675 1572 858 1629 astronomis
887 1571 966 1629 hanc
995 1572 1113 1630 stellam
1144 1573 1260 1630 dictam
1293 1590 1361 1630 esse

220 1669 402 1748 Πυρόεντα.
445 1656 578 1748 Recepit
601 1673 803 1757 ¹etymologus
837 1673 951 1731 variam
985 1653 1148 1731 lectionem
1180 1674 1211 1730 in
1243 1673 1359 1731 scholio

218 1773 358 1834 notatam
379 1769 601 1850 ἀπολάμπεται
623 1793 677 1852 pro
700 1767 926 1846 ἀναπάλλεται,
947 1777 1034 1850 quod
1047 1774 1140 1834 habet
1156 1775 1244 1834 Laur.
1279 1775 1361 1833 Illud

220 1887 324 1935 autem
347 1873 420 1952 περὶ
434 1874 558 1950 παθῶν,
581 1877 667 1952 quod
688 1877 719 1934 in
740 1876 800 1934 fine
822 1886 924 1934 exstat
947 1894 1072 1952 quoque
1093 1875 1265 1934 Herodiani
1287 1875 1362 1935 liber

219 1987 351 2048 notatur,
373 1987 457 2035 certe
472 1977 581 2034 falsum
596 1985 657 2036 est:
681 1991 719 2034 ex
735 1978 874 2054 sequenti
889 1977 1031 2052 lemmate
1046 1977 1106 2034 huc
1120 1977 1248 2053 irrepsit,
1270 1995 1359 2054 prae·

221 2081 325 2140 sertim
350 2097 420 2160 cum
451 2078 483 2135 in
509 2076 662 2136 nonnullis
685 2078 843 2136 codicibus
866 2078 925 2136 illic
947 2079 1073 2152 legatur.
1113 2107 1154 2117 -
1190 2077 1225 2135 In
1248 2077 1295 2138 Et.
1317 2078 1360 2136 M.

222 2183 292 2256 706,
315 2183 353 2240 19
375 2199 403 2240 ν.
425 2174 582 2254 ῥυμβόνες
603 2172 654 2256 (cf.
676 2178 751 2236 Mill.
774 2197 803 2254 p.
822 2171 895 2254 262)
918 2179 1038 2236 accedit
1062 2179 1103 2234 ad
1125 2178 1231 2236 scholii
1253 2178 1285 2236 in
1300 2179 1361 2254 Ap.

220 2281 268 2341 IV
291 2283 360 2351 143,
383 2280 434 2355 qui
456 2297 519 2336 non
539 2279 695 2350 omittitur,
719 2279 1003 2355 interpretationem
1023 2297 1086 2338 non
1108 2281 1214 2356 inepta
1235 2297 1363 2355 serpen·
1458 2273 1459 2296 ³

221 2383 295 2441 tium
316 2389 417 2440 motus
440 2381 677 2456 circumscriptio
710 2375 822 2453 (οἱονεὶ
848 2377 907 2454 τὰς
929 2378 1122 2455 κοτυλώδεις
1144 2375 1297 2459 καμπὰς).
1321 2411 1362 2420 -

218 2484 253 2542 ln
276 2484 323 2542 Et.
347 2483 389 2541 M.
412 2484 483 2555 807,
507 2484 547 2542 44
570 2501 596 2542 v.
620 2481 720 2556 χαῑος,
743 2499 927 2558 quamquam
948 2481 1054 2540 scholii
1089 2483 1131 2539 ad
1153 2483 1210 2560 Ap.
1234 2481 1279 2540 IV
1300 2483 1362 2540 972
1457 2541 1458 2554 ,

220 2600 338 2642 summa
360 2591 479 2641 tantum
504 2592 614 2650 exstat,
644 2591 748 2642 tamen
770 2585 900 2656 tertiam,
935 2601 1028 2660 quam
1050 2584 1081 2640 in
1105 2584 1216 2640 nostris
1239 2582 1363 2641 scholiis

219 2703 282 2744 non
307 2685 483 2753 invenimus
519 2685 683 2760 accipimus
706 2685 789 2742 vocis
814 2683 907 2760 χαῑος
929 2684 1224 2760 interpretationem:
1261 2679 1292 2744 οἱ
1324 2683 1362 2745 δὲ

218 2782 417 2862 λαγωβόλον.
438 2815 480 2826 -
503 2785 551 2846 Et.
573 2786 697 2860 171214,
721 2789 760 2845 10
782 2805 809 2843 ν.
826 2780 918 2861 βρίμη
941 2787 983 2842 ad
998 2787 1122 2843 verbum
1137 2787 1279 2844 convenit
1292 2803 1363 2844 cum
1456 2827 1457 2836 .

223 2888 318 2946 schol.
341 2887 383 2944 ad
402 2888 460 2962 Ap.
472 2886 515 2943 lV
540 2888 631 2955 1677,
651 2887 703 2962 qui
724 2885 755 2944 in
777 2885 826 2946 Et.
850 2887 892 2946 M.
908 2887 1081 2963 adponitur.
1125 2887 1194 2945 Hoc
1215 2905 1308 2946 unum
1328 2888 1363 2944 in

221 2988 270 3048 Et.
292 2988 334 3049 M.
355 2997 438 3046 recte
459 2989 616 3064 suppletur
638 2997 669 3046 et
690 2988 721 3044 in
744 2986 880 3046 scholion
912 3005 1037 3064 quoque
1069 2989 1276 3047 revocandum
1305 2997 1364 3057 est,

221 3091 305 3165 quod
327 3098 399 3166 post
421 3084 499 3150 ὅθεν
532 3085 705 3165 ῥηματικὸν
737 3084 842 3165 ὄνομα
876 3084 968 3165 βρίμη
1001 3090 1142 3148 inseritur
1176 3085 1362 3165 βαρύνεται;

197 3187 292 3250 'nam
315 3208 384 3249 cum
406 3199 564 3266 sequatur:
598 3187 639 3251 τά
657 3187 720 3266 γάρ
751 3185 799 3266 εἰς
825 3189 867 3264 ”μ“η
891 3186 1032 3265 λήγοντα
1058 3186 1110 3251 καὶ
1132 3185 1180 3251 ἑνὶ
1201 3185 1366 3266 φωνήεντι

219 3285 472 3367 παραληγόμενα
499 3287 681 3368 βαρύνεται,
713 3293 757 3350 sic
778 3292 903 3350 demum
935 3291 1011 3350 illud
1038 3287 1101 3367 γὰρ
1122 3299 1205 3349 recte
1226 3289 1367 3367 intellegi

220 3401 334 3469 potest.
358 3381 478 3468 ¹Valde
500 3401 601 3452 autom
624 3393 791 3452 dolendum
812 3401 871 3470 est,
905 3393 991 3468 quod
1013 3394 1204 3468 etymologus
1226 3410 1284 3450 nos
1308 3393 1366 3479 de·
1454 3383 1455 3386 ¹

221 3495 293 3552 serit
322 3495 354 3552 in
385 3494 582 3552 emendando
614 3493 666 3552 illo
695 3497 797 3566 verbo,
834 3493 887 3553 ubi
917 3494 1007 3554 Laur.
1039 3494 1124 3570 quod
1157 3511 1226 3553 esse
1255 3470 1366 3570 nequit

220 3595 348 3671 praebet
369 3591 478 3670 κρήνη,
510 3613 650 3673 proquo
672 3594 841 3654 Meinekius
862 3596 1022 3671 proposuit
1043 3591 1157 3671 χρήμη,
1189 3593 1364 3654 Lobeckius

219 3691 312 3772 ltus·

321 3797 361 3854 Hi
384 3806 455 3856 sunt
478 3797 536 3857 loci
557 3797 606 3858 Et.
628 3795 682 3876 Μ,
717 3800 799 3856 unde
833 3799 962 3857 fructum
984 3797 1117 3874 aliquem
1139 3799 1252 3857 nostris
1273 3798 1367 3857 scho-

220 3899 266 3957 liis
289 3897 499 3975 Apollonianis
524 3900 675 3956 accedere
698 3899 839 3962 iudicavi.
882 3900 955 3960 Veri
985 3908 1034 3957 est
1054 3900 1161 3969 simile,
1184 3900 1210 3958 si
1234 3901 1364 3980 quando

220 4001 438 4060 Reitzensteini
459 4001 509 4060 Et.
532 4000 574 4059 M.
597 4001 629 4058 in
650 4001 750 4060 lucem
771 4002 924 4077 prodierit,
948 4001 1013 4060 fore
1035 4010 1069 4059 ut
1090 4019 1233 4060 numerus
1255 4019 1365 4059 eorum

221 4102 294 4160 satis
316 4112 470 4178 augeatur.
516 4102 578 4160 Sed
601 4103 686 4177 quod
705 4104 825 4177 gravius
848 4112 906 4173 est,
934 4111 1007 4162 tunc
1027 4105 1069 4160 de
1091 4103 1139 4163 Et.
1161 4101 1203 4164 M.
1227 4102 1366 4161 fontibus

220 4203 333 4262 certius
356 4220 448 4279 quam
469 4221 551 4261 nunc
572 4203 663 4262 statui
680 4204 791 4279 poterit
812 4205 982 4281 meliusque
1009 4205 1110 4264 licebit
1131 4205 1261 4263 diverse
1274 4201 1365 4262 scho-

120 4377 123 4383 .
221 4301 329 4362 liorum
351 4303 624 4380 Apollonienorum
646 4307 677 4364 in
699 4305 748 4367 Et.
772 4306 815 4368 M.
838 4314 953 4382 genera
974 4307 1158 4380 discernere,
1191 4323 1271 4381 quae
1293 4321 1366 4381 par-

220 4405 275 4462 tim
297 4405 336 4461 ab
359 4405 426 4480 ipso
447 4408 621 4482 etymologo
644 4409 805 4483 exscripta,
827 4407 938 4484 partim
952 4407 1017 4466 aliis
1040 4425 1078 4464 ex
1091 4406 1224 4465 sontibus
1238 4415 1367 4482 recepta

220 4522 291 4564 esse
307 4506 399 4563 'initio
422 4507 690 4566 commentationis
711 4509 954 4568 monstravimus
