<?xml version="1.0" encoding="UTF-8"?>
<!DOCTYPE html PUBLIC "-//W3C//DTD XHTML 1.0 Transitional//EN"
    "http://www.w3.org/TR/xhtml1/DTD/xhtml1-transitional.dtd">
<html xmlns="http://www.w3.org/1999/xhtml" xml:lang="en" lang="en">
 <head>
  <title>
</title>
<meta http-equiv="Content-Type" content="text/html;charset=utf-8" />
  <meta name='ocr-system' content='tesseract 3.04.00' />
  <meta name='ocr-capabilities' content='ocr_page ocr_carea ocr_par ocr_line ocrx_word'/>
</head>
<body>
  <div class='ocr_page' id='page_1' title='image "./descholiisinapo00bercgoog_0021.png"; bbox 0 0 2938 4922; ppageno 0'>
   <div class='ocr_carea' id='block_1_1' title="bbox 786 293 819 346">
    <p class='ocr_par' dir='ltr' id='par_1_1' title="bbox 786 293 819 346">
     <span class='ocr_line' id='line_1_1' title="bbox 786 293 819 346; baseline 0.061 -2"><span class='ocrx_word' id='word_1_1' title='bbox 786 293 819 346; x_wconf 91' lang='grc'>16</span> 
     </span>
    </p>
   </div>
   <div class='ocr_carea' id='block_1_2' title="bbox 229 455 1380 1256">
    <p class='ocr_par' dir='ltr' id='par_1_2' title="bbox 229 455 1380 953">
     <span class='ocr_line' id='line_1_2' title="bbox 233 455 1379 546; baseline 0.002 -16"><span class='ocrx_word' id='word_1_2' title='bbox 233 464 443 545; x_wconf 80' lang='grc' dir='ltr'>Περσεφόνη,</span> <span class='ocrx_word' id='word_1_3' title='bbox 481 455 685 545; x_wconf 80' lang='grc' dir='ltr'>Ἀξιόκερσος</span> <span class='ocrx_word' id='word_1_4' title='bbox 716 466 752 530; x_wconf 80' lang='grc' dir='ltr'>δὲ</span> <span class='ocrx_word' id='word_1_5' title='bbox 783 464 943 544; x_wconf 79' lang='grc' dir='ltr'>ὁἍιδης.</span> <span class='ocrx_word' id='word_1_6' title='bbox 1003 463 1147 546; x_wconf 81' lang='grc' dir='ltr'>Κάβειροι</span> <span class='ocrx_word' id='word_1_7' title='bbox 1179 468 1220 532; x_wconf 71' lang='grc' dir='ltr'>δὲ’</span> <span class='ocrx_word' id='word_1_8' title='bbox 1237 471 1379 534; x_wconf 83' lang='grc' dir='ltr'>δοκοῦσι</span> 
     </span>
     <span class='ocr_line' id='line_1_3' title="bbox 229 565 1379 648; baseline 0.003 -17"><span class='ocrx_word' id='word_1_9' title='bbox 229 569 512 648; x_wconf 82' lang='grc' dir='ltr'>προσηγορεῦσθαι</span> <span class='ocrx_word' id='word_1_10' title='bbox 539 565 603 632; x_wconf 87' lang='grc' dir='ltr'>ἀπὸ</span> <span class='ocrx_word' id='word_1_11' title='bbox 626 566 789 647; x_wconf 81' lang='grc' dir='ltr'>Καβείρων</span> <span class='ocrx_word' id='word_1_12' title='bbox 815 565 920 646; x_wconf 86' lang='grc' dir='ltr'>ὀρέυιν</span> <span class='ocrx_word' id='word_1_13' title='bbox 942 566 1099 647; x_wconf 83' lang='grc' dir='ltr'>Φρυγίας,</span> <span class='ocrx_word' id='word_1_14' title='bbox 1129 567 1197 632; x_wconf 86' lang='grc' dir='ltr'>ἐπεὶ</span> <span class='ocrx_word' id='word_1_15' title='bbox 1223 568 1379 635; x_wconf 81' lang='grc' dir='ltr'>ἐντεῦθεν</span> 
     </span>
     <span class='ocr_line' id='line_1_4' title="bbox 229 666 1380 751; baseline 0.003 -18"><span class='ocrx_word' id='word_1_16' title='bbox 229 667 479 748; x_wconf 85' lang='grc' dir='ltr'>μετηνέχθησαν.</span> <span class='ocrx_word' id='word_1_17' title='bbox 523 666 562 732; x_wconf 86' lang='grc' dir='ltr'>Οἱ</span> <span class='ocrx_word' id='word_1_18' title='bbox 583 669 619 732; x_wconf 80' lang='grc' dir='ltr'>δὲ</span> <span class='ocrx_word' id='word_1_19' title='bbox 642 667 699 732; x_wconf 79' lang='grc' dir='ltr'>δύο</span> <span class='ocrx_word' id='word_1_20' title='bbox 721 666 902 747; x_wconf 84' lang='grc' dir='ltr'>εἶναιτοὺς</span> <span class='ocrx_word' id='word_1_21' title='bbox 935 667 1116 748; x_wconf 84' lang='grc' dir='ltr'>Καβείρους,</span> <span class='ocrx_word' id='word_1_22' title='bbox 1138 669 1380 751; x_wconf 44' lang='grc' dir='ltr'>,πρεσβύτερον</span> 
     </span>
     <span class='ocr_line' id='line_1_5' title="bbox 229 767 824 850; baseline 0.002 -16"><span class='ocrx_word' id='word_1_23' title='bbox 229 772 287 849; x_wconf 84' lang='grc' dir='ltr'>μὲν</span> <span class='ocrx_word' id='word_1_24' title='bbox 308 768 382 844; x_wconf 89' lang='grc' dir='ltr'>Δία,</span> <span class='ocrx_word' id='word_1_25' title='bbox 404 769 563 850; x_wconf 88' lang='grc' dir='ltr'>νεώτερον</span> <span class='ocrx_word' id='word_1_26' title='bbox 583 769 619 834; x_wconf 80' lang='grc' dir='ltr'>δὲ</span> <span class='ocrx_word' id='word_1_27' title='bbox 642 767 824 835; x_wconf 87' lang='grc' dir='ltr'>Διόνυσον.</span> 
     </span>
     <span class='ocr_line' id='line_1_6' title="bbox 641 874 960 953; baseline 0.009 -21"><span class='ocrx_word' id='word_1_28' title='bbox 641 874 689 934; x_wconf 80' lang='lat' dir='ltr'>nt.</span> <span class='ocrx_word' id='word_1_29' title='bbox 712 874 794 935; x_wconf 81' lang='lat' dir='ltr'>oud.</span> <span class='ocrx_word' id='word_1_30' title='bbox 819 876 888 953; x_wconf 70' lang='grc' dir='ltr'>σου,</span> <span class='ocrx_word' id='word_1_31' title='bbox 912 878 960 936; x_wconf 82' lang='lat'>20.</span> 
     </span>
    </p>

    <p class='ocr_par' dir='ltr' id='par_1_3' title="bbox 233 970 1378 1256">
     <span class='ocr_line' id='line_1_7' title="bbox 331 970 1376 1064; baseline 0.001 -27"><span class='ocrx_word' id='word_1_32' title='bbox 331 973 476 1064; x_wconf 76' lang='grc' dir='ltr'>Κάβειροι</span> <span class='ocrx_word' id='word_1_33' title='bbox 498 972 643 1052; x_wconf 88' lang='grc' dir='ltr'>ὀνόματα</span> <span class='ocrx_word' id='word_1_34' title='bbox 664 975 763 1037; x_wconf 84' lang='grc' dir='ltr'>θεῶν·</span> <span class='ocrx_word' id='word_1_35' title='bbox 782 973 833 1038; x_wconf 87' lang='grc' dir='ltr'>καί</span> <span class='ocrx_word' id='word_1_36' title='bbox 854 973 895 1037; x_wconf 84' lang='grc' dir='ltr'>τά</span> <span class='ocrx_word' id='word_1_37' title='bbox 915 970 1061 1053; x_wconf 88' lang='grc' dir='ltr'>ὀνόματα</span> <span class='ocrx_word' id='word_1_38' title='bbox 1078 973 1184 1040; x_wconf 83' lang='grc' dir='ltr'>αὐτῶν</span> <span class='ocrx_word' id='word_1_39' title='bbox 1205 972 1291 1052; x_wconf 87' lang='grc' dir='ltr'>τρία</span> <span class='ocrx_word' id='word_1_40' title='bbox 1311 973 1376 1038; x_wconf 88' lang='grc' dir='ltr'>τὸν</span> 
     </span>
     <span class='ocr_line' id='line_1_8' title="bbox 235 1069 1378 1157; baseline 0 -17"><span class='ocrx_word' id='word_1_41' title='bbox 235 1073 383 1155; x_wconf 83' lang='grc' dir='ltr'>ἀριθμόν·</span> <span class='ocrx_word' id='word_1_42' title='bbox 407 1069 564 1154; x_wconf 84' lang='grc' dir='ltr'>Ἀξίερος,</span> <span class='ocrx_word' id='word_1_43' title='bbox 596 1074 789 1154; x_wconf 82' lang='grc' dir='ltr'>Ἀξιόκερσα,</span> <span class='ocrx_word' id='word_1_44' title='bbox 811 1073 1027 1156; x_wconf 84' lang='grc' dir='ltr'>Ἀξιόκερσος.</span> <span class='ocrx_word' id='word_1_45' title='bbox 1068 1074 1209 1157; x_wconf 83' lang='grc' dir='ltr'>Ἀξὶερος</span> <span class='ocrx_word' id='word_1_46' title='bbox 1231 1073 1378 1154; x_wconf 84' lang='grc' dir='ltr'>μὲνοῦν</span> 
     </span>
     <span class='ocr_line' id='line_1_9' title="bbox 233 1166 1376 1256; baseline -0.002 -14"><span class='ocrx_word' id='word_1_47' title='bbox 233 1176 363 1256; x_wconf 86' lang='grc' dir='ltr'>ἐστινὴ</span> <span class='ocrx_word' id='word_1_48' title='bbox 386 1175 552 1255; x_wconf 83' lang='grc' dir='ltr'>Δημήτηρ,</span> <span class='ocrx_word' id='word_1_49' title='bbox 581 1175 769 1256; x_wconf 84' lang='grc' dir='ltr'>Ἀξιόκερσα</span> <span class='ocrx_word' id='word_1_50' title='bbox 792 1177 810 1255; x_wconf 87' lang='grc' dir='ltr'>ᾐ</span> <span class='ocrx_word' id='word_1_51' title='bbox 833 1175 1042 1256; x_wconf 87' lang='grc' dir='ltr'>Περσεφόνη,</span> <span class='ocrx_word' id='word_1_52' title='bbox 1073 1166 1276 1256; x_wconf 80' lang='grc' dir='ltr'>Ἀξιόκερσος</span> <span class='ocrx_word' id='word_1_53' title='bbox 1298 1177 1376 1254; x_wconf 80' lang='grc' dir='ltr'>[μὲν</span> 
     </span>
    </p>
   </div>
   <div class='ocr_carea' id='block_1_3' title="bbox 232 1275 1453 1360">
    <p class='ocr_par' dir='ltr' id='par_1_4' title="bbox 232 1275 1453 1360">
     <span class='ocr_line' id='line_1_10' title="bbox 232 1275 1453 1360; baseline -0.004 -16"><span class='ocrx_word' id='word_1_54' title='bbox 232 1278 306 1360; x_wconf 81' lang='grc' dir='ltr'>οὖν]</span> <span class='ocrx_word' id='word_1_55' title='bbox 331 1279 366 1343; x_wconf 84' lang='grc' dir='ltr'>δὲ</span> <span class='ocrx_word' id='word_1_56' title='bbox 388 1278 407 1341; x_wconf 90' lang='grc' dir='ltr'>ὁ</span> <span class='ocrx_word' id='word_1_57' title='bbox 426 1275 552 1358; x_wconf 84' lang='grc' dir='ltr'>Ἅιδης.</span> <span class='ocrx_word' id='word_1_58' title='bbox 595 1277 740 1359; x_wconf 86' lang='grc' dir='ltr'>Κάβειροι</span> <span class='ocrx_word' id='word_1_59' title='bbox 760 1280 797 1343; x_wconf 80' lang='grc' dir='ltr'>δὲ</span> <span class='ocrx_word' id='word_1_60' title='bbox 818 1281 973 1344; x_wconf 80' lang='grc' dir='ltr'>δοκοῦσιν</span> <span class='ocrx_word' id='word_1_61' title='bbox 1001 1281 1286 1358; x_wconf 81' lang='grc' dir='ltr'>προσηγορεῦσθαι</span> <span class='ocrx_word' id='word_1_62' title='bbox 1307 1275 1378 1340; x_wconf 88' lang='grc' dir='ltr'>ἀπὸ</span> <span class='ocrx_word' id='word_1_63' title='bbox 1452 1319 1453 1354; x_wconf 55' lang='grc' dir='ltr'>γ</span> 
     </span>
    </p>
   </div>
   <div class='ocr_carea' id='block_1_4' title="bbox 174 1377 1376 1648">
    <p class='ocr_par' dir='ltr' id='par_1_5' title="bbox 174 1377 1376 1648">
     <span class='ocr_line' id='line_1_11' title="bbox 233 1377 1376 1476; baseline -0.002 -32"><span class='ocrx_word' id='word_1_64' title='bbox 233 1378 393 1460; x_wconf 87' lang='grc' dir='ltr'>Καβείρων</span> <span class='ocrx_word' id='word_1_65' title='bbox 413 1378 518 1476; x_wconf 87' lang='grc' dir='ltr'>ὀρέων</span> <span class='ocrx_word' id='word_1_66' title='bbox 538 1378 689 1458; x_wconf 86' lang='grc' dir='ltr'>Φρυγίας,</span> <span class='ocrx_word' id='word_1_67' title='bbox 712 1379 782 1444; x_wconf 86' lang='grc' dir='ltr'>ἐπεὶ</span> <span class='ocrx_word' id='word_1_68' title='bbox 804 1378 953 1445; x_wconf 81' lang='grc' dir='ltr'>ἐντεῦθεν</span> <span class='ocrx_word' id='word_1_69' title='bbox 976 1381 1225 1460; x_wconf 85' lang='grc' dir='ltr'>μετηνέχθησαν.</span> <span class='ocrx_word' id='word_1_70' title='bbox 1268 1377 1306 1443; x_wconf 85' lang='grc' dir='ltr'>Οἱ</span> <span class='ocrx_word' id='word_1_71' title='bbox 1336 1380 1376 1443; x_wconf 79' lang='grc' dir='ltr'>δὲ</span> 
     </span>
     <span class='ocr_line' id='line_1_12' title="bbox 174 1478 1371 1560; baseline -0.003 -13"><span class='ocrx_word' id='word_1_72' title='bbox 174 1513 176 1518; x_wconf 94' lang='grc'><strong><em>·</em></strong></span> <span class='ocrx_word' id='word_1_73' title='bbox 232 1481 290 1547; x_wconf 79' lang='grc' dir='ltr'>δύο</span> <span class='ocrx_word' id='word_1_74' title='bbox 313 1478 397 1546; x_wconf 82' lang='grc' dir='ltr'>εἷναί</span> <span class='ocrx_word' id='word_1_75' title='bbox 416 1481 495 1560; x_wconf 88' lang='grc' dir='ltr'>τοὺς</span> <span class='ocrx_word' id='word_1_76' title='bbox 519 1479 702 1560; x_wconf 91' lang='grc' dir='ltr'>Καβείρους,</span> <span class='ocrx_word' id='word_1_77' title='bbox 725 1479 945 1559; x_wconf 83' lang='grc' dir='ltr'>πρεσβύτερον</span> <span class='ocrx_word' id='word_1_78' title='bbox 967 1482 1025 1560; x_wconf 83' lang='grc' dir='ltr'>μὲν</span> <span class='ocrx_word' id='word_1_79' title='bbox 1046 1480 1120 1558; x_wconf 76' lang='grc' dir='ltr'>Δία,</span> <span class='ocrx_word' id='word_1_80' title='bbox 1148 1480 1308 1559; x_wconf 81' lang='grc' dir='ltr'>νεώτερον</span> <span class='ocrx_word' id='word_1_81' title='bbox 1331 1480 1371 1544; x_wconf 81' lang='grc' dir='ltr'>δὲ</span> 
     </span>
     <span class='ocr_line' id='line_1_13' title="bbox 232 1582 407 1648; baseline -0.006 -1"><span class='ocrx_word' id='word_1_82' title='bbox 232 1582 407 1648; x_wconf 87' lang='grc' dir='ltr'>Διόνυσον.</span> 
     </span>
    </p>
   </div>
   <div class='ocr_carea' id='block_1_5' title="bbox 232 1785 1376 2270">
    <p class='ocr_par' dir='ltr' id='par_1_6' title="bbox 232 1785 1376 2270">
     <span class='ocr_line' id='line_1_14' title="bbox 234 1785 1375 1867; baseline -0.003 -18"><span class='ocrx_word' id='word_1_83' title='bbox 234 1788 483 1865; x_wconf 87' lang='lat' dir='ltr'>Antiquissimam</span> <span class='ocrx_word' id='word_1_84' title='bbox 506 1787 642 1845; x_wconf 90' lang='lat' dir='ltr'>videmus</span> <span class='ocrx_word' id='word_1_85' title='bbox 664 1786 792 1845; x_wconf 88' lang='lat' dir='ltr'>formam</span> <span class='ocrx_word' id='word_1_86' title='bbox 814 1786 845 1844; x_wconf 89' lang='lat' dir='ltr'>in</span> <span class='ocrx_word' id='word_1_87' title='bbox 861 1785 956 1848; x_wconf 89' lang='lat' dir='ltr'>schol.</span> <span class='ocrx_word' id='word_1_88' title='bbox 968 1787 1037 1867; x_wconf 82' lang='lat' dir='ltr'>Ap,</span> <span class='ocrx_word' id='word_1_89' title='bbox 1059 1788 1111 1845; x_wconf 94' lang='lat' dir='ltr'>ubi</span> <span class='ocrx_word' id='word_1_90' title='bbox 1125 1805 1267 1846; x_wconf 88' lang='lat' dir='ltr'>numerus</span> <span class='ocrx_word' id='word_1_91' title='bbox 1283 1797 1375 1863; x_wconf 92' lang='lat' dir='ltr'>quat·</span> 
     </span>
     <span class='ocr_line' id='line_1_15' title="bbox 234 1888 1374 1964; baseline -0.004 -14"><span class='ocrx_word' id='word_1_92' title='bbox 234 1902 303 1950; x_wconf 90' lang='lat' dir='ltr'>tuor</span> <span class='ocrx_word' id='word_1_93' title='bbox 324 1893 453 1949; x_wconf 92' lang='lat' dir='ltr'>deorum</span> <span class='ocrx_word' id='word_1_94' title='bbox 475 1897 560 1947; x_wconf 91' lang='lat' dir='ltr'>recte</span> <span class='ocrx_word' id='word_1_95' title='bbox 582 1906 616 1948; x_wconf 87' lang='lat' dir='ltr'>se</span> <span class='ocrx_word' id='word_1_96' title='bbox 637 1888 747 1963; x_wconf 91' lang='lat' dir='ltr'>habet;</span> <span class='ocrx_word' id='word_1_97' title='bbox 770 1890 854 1964; x_wconf 91' lang='lat' dir='ltr'>quod</span> <span class='ocrx_word' id='word_1_98' title='bbox 875 1889 918 1948; x_wconf 89' lang='lat' dir='ltr'>ita</span> <span class='ocrx_word' id='word_1_99' title='bbox 939 1890 1090 1964; x_wconf 81' lang='lat' dir='ltr'>excerpsit</span> <span class='ocrx_word' id='word_1_100' title='bbox 1117 1897 1223 1948; x_wconf 87' lang='lat' dir='ltr'><strong>auctor</strong></span> <span class='ocrx_word' id='word_1_101' title='bbox 1244 1889 1294 1950; x_wconf 90' lang='lat' dir='ltr'>Et.</span> <span class='ocrx_word' id='word_1_102' title='bbox 1316 1889 1374 1959; x_wconf 70' lang='lat' dir='ltr'>M„</span> 
     </span>
     <span class='ocr_line' id='line_1_16' title="bbox 233 1989 1375 2068; baseline -0.002 -18"><span class='ocrx_word' id='word_1_103' title='bbox 233 2003 268 2052; x_wconf 89' lang='lat' dir='ltr'>ut</span> <span class='ocrx_word' id='word_1_104' title='bbox 288 2002 428 2068; x_wconf 87' lang='lat' dir='ltr'>quartum</span> <span class='ocrx_word' id='word_1_105' title='bbox 449 2008 577 2049; x_wconf 88' lang='lat' dir='ltr'>numero</span> <span class='ocrx_word' id='word_1_106' title='bbox 604 1989 747 2048; x_wconf 89' lang='lat' dir='ltr'>Cabirum</span> <span class='ocrx_word' id='word_1_107' title='bbox 769 1990 924 2048; x_wconf 91' lang='lat' dir='ltr'>omitteret</span> <span class='ocrx_word' id='word_1_108' title='bbox 944 2007 1045 2066; x_wconf 88' lang='lat' dir='ltr'>neque</span> <span class='ocrx_word' id='word_1_109' title='bbox 1067 2001 1185 2048; x_wconf 86' lang='lat' dir='ltr'>curaret</span> <span class='ocrx_word' id='word_1_110' title='bbox 1212 2007 1375 2048; x_wconf 87' lang='lat' dir='ltr'>numerum</span> 
     </span>
     <span class='ocr_line' id='line_1_17' title="bbox 232 2091 1374 2167; baseline -0.002 -15"><span class='ocrx_word' id='word_1_111' title='bbox 232 2097 294 2153; x_wconf 85' lang='lat' dir='ltr'>iam</span> <span class='ocrx_word' id='word_1_112' title='bbox 312 2112 376 2152; x_wconf 89' lang='lat' dir='ltr'>non</span> <span class='ocrx_word' id='word_1_113' title='bbox 398 2092 646 2167; x_wconf 67' lang='lat' dir='ltr'>convenientem</span> <span class='ocrx_word' id='word_1_114' title='bbox 683 2092 743 2150; x_wconf 92' lang='lat' dir='ltr'>hoc</span> <span class='ocrx_word' id='word_1_115' title='bbox 772 2092 857 2150; x_wconf 86' lang='lat' dir='ltr'>fonte</span> <span class='ocrx_word' id='word_1_116' title='bbox 887 2110 959 2150; x_wconf 90' lang='lat' dir='ltr'>usus</span> <span class='ocrx_word' id='word_1_117' title='bbox 981 2100 1089 2151; x_wconf 86' lang='lat' dir='ltr'>auctor</span> <span class='ocrx_word' id='word_1_118' title='bbox 1119 2093 1167 2152; x_wconf 91' lang='lat' dir='ltr'>Et.</span> <span class='ocrx_word' id='word_1_119' title='bbox 1190 2091 1273 2151; x_wconf 91' lang='lat' dir='ltr'>Gud.</span> <span class='ocrx_word' id='word_1_120' title='bbox 1302 2109 1374 2150; x_wconf 89' lang='lat' dir='ltr'>cum</span> 
     </span>
     <span class='ocr_line' id='line_1_18' title="bbox 234 2193 1376 2270; baseline -0.004 -15"><span class='ocrx_word' id='word_1_121' title='bbox 234 2197 337 2255; x_wconf 91' lang='lat' dir='ltr'>vitium</span> <span class='ocrx_word' id='word_1_122' title='bbox 359 2195 614 2254; x_wconf 88' lang='lat' dir='ltr'>animadverteret</span> <span class='ocrx_word' id='word_1_123' title='bbox 634 2210 793 2251; x_wconf 90' lang='lat' dir='ltr'>numerum</span> <span class='ocrx_word' id='word_1_124' title='bbox 815 2194 952 2253; x_wconf 87' lang='lat' dir='ltr'>correxit.</span> <span class='ocrx_word' id='word_1_125' title='bbox 996 2193 1065 2252; x_wconf 89' lang='lat' dir='ltr'>Huc</span> <span class='ocrx_word' id='word_1_126' title='bbox 1087 2193 1216 2269; x_wconf 85' lang='lat' dir='ltr'>accedit,</span> <span class='ocrx_word' id='word_1_127' title='bbox 1240 2195 1325 2270; x_wconf 93' lang='lat' dir='ltr'>quod</span> <span class='ocrx_word' id='word_1_128' title='bbox 1348 2194 1376 2252; x_wconf 90' lang='lat' dir='ltr'>si</span> 
     </span>
    </p>
   </div>
   <div class='ocr_carea' id='block_1_6' title="bbox 232 2289 1456 2370">
    <p class='ocr_par' dir='ltr' id='par_1_7' title="bbox 232 2289 1456 2370">
     <span class='ocr_line' id='line_1_19' title="bbox 232 2289 1456 2370; baseline -0.005 -14"><span class='ocrx_word' id='word_1_129' title='bbox 232 2300 394 2358; x_wconf 90' lang='lat' dir='ltr'>verborum</span> <span class='ocrx_word' id='word_1_130' title='bbox 415 2295 553 2354; x_wconf 89' lang='lat' dir='ltr'>ordinem</span> <span class='ocrx_word' id='word_1_131' title='bbox 574 2295 606 2352; x_wconf 90' lang='lat' dir='ltr'>in</span> <span class='ocrx_word' id='word_1_132' title='bbox 628 2294 677 2354; x_wconf 86' lang='lat' dir='ltr'>Et.</span> <span class='ocrx_word' id='word_1_133' title='bbox 698 2293 780 2354; x_wconf 90' lang='lat' dir='ltr'>Gud.</span> <span class='ocrx_word' id='word_1_134' title='bbox 802 2289 983 2370; x_wconf 76' lang='lat' dir='ltr'>spectabisl,</span> <span class='ocrx_word' id='word_1_135' title='bbox 1014 2295 1128 2368; x_wconf 89' lang='lat' dir='ltr'>poteris</span> <span class='ocrx_word' id='word_1_136' title='bbox 1149 2295 1204 2354; x_wconf 92' lang='lat' dir='ltr'>sub</span> <span class='ocrx_word' id='word_1_137' title='bbox 1229 2291 1251 2353; x_wconf 99' lang='grc' dir='ltr'>Κ</span> <span class='ocrx_word' id='word_1_138' title='bbox 1273 2295 1376 2353; x_wconf 89' lang='lat' dir='ltr'>littera</span> <span class='ocrx_word' id='word_1_139' title='bbox 1455 2343 1456 2350; x_wconf 72' lang='grc'>,</span> 
     </span>
    </p>
   </div>
   <div class='ocr_carea' id='block_1_7' title="bbox 232 2395 1377 3589">
    <p class='ocr_par' dir='ltr' id='par_1_8' title="bbox 232 2395 1375 2877">
     <span class='ocr_line' id='line_1_20' title="bbox 232 2395 1375 2473; baseline -0.004 -14"><span class='ocrx_word' id='word_1_140' title='bbox 232 2409 314 2459; x_wconf 87' lang='lat' dir='ltr'>totas</span> <span class='ocrx_word' id='word_1_141' title='bbox 336 2397 427 2456; x_wconf 90' lang='lat' dir='ltr'>series</span> <span class='ocrx_word' id='word_1_142' title='bbox 449 2413 609 2455; x_wconf 85' lang='lat' dir='ltr'>secernere</span> <span class='ocrx_word' id='word_1_143' title='bbox 634 2396 851 2454; x_wconf 87' lang='lat' dir='ltr'>convenientes</span> <span class='ocrx_word' id='word_1_144' title='bbox 884 2413 953 2453; x_wconf 90' lang='lat' dir='ltr'>cum</span> <span class='ocrx_word' id='word_1_145' title='bbox 973 2395 1080 2454; x_wconf 88' lang='lat' dir='ltr'>Milleri</span> <span class='ocrx_word' id='word_1_146' title='bbox 1109 2397 1253 2466; x_wconf 82' lang='lat' dir='ltr'>editione,</span> <span class='ocrx_word' id='word_1_147' title='bbox 1288 2399 1375 2473; x_wconf 91' lang='lat' dir='ltr'>quod</span> 
     </span>
     <span class='ocr_line' id='line_1_21' title="bbox 232 2496 1373 2560; baseline -0.003 -1"><span class='ocrx_word' id='word_1_148' title='bbox 232 2503 263 2560; x_wconf 96' lang='lat' dir='ltr'>in</span> <span class='ocrx_word' id='word_1_149' title='bbox 285 2500 350 2558; x_wconf 87' lang='lat' dir='ltr'>aliis</span> <span class='ocrx_word' id='word_1_150' title='bbox 371 2500 477 2558; x_wconf 91' lang='lat' dir='ltr'>litteris</span> <span class='ocrx_word' id='word_1_151' title='bbox 499 2515 562 2557; x_wconf 89' lang='lat' dir='ltr'>non</span> <span class='ocrx_word' id='word_1_152' title='bbox 582 2498 655 2556; x_wconf 89' lang='lat' dir='ltr'>item</span> <span class='ocrx_word' id='word_1_153' title='bbox 678 2498 819 2556; x_wconf 90' lang='lat' dir='ltr'>accidere</span> <span class='ocrx_word' id='word_1_154' title='bbox 841 2496 910 2557; x_wconf 89' lang='lat' dir='ltr'>vidi.</span> <span class='ocrx_word' id='word_1_155' title='bbox 963 2496 1024 2556; x_wconf 85' lang='lat' dir='ltr'>Sed</span> <span class='ocrx_word' id='word_1_156' title='bbox 1054 2506 1121 2556; x_wconf 92' lang='lat' dir='ltr'>utut</span> <span class='ocrx_word' id='word_1_157' title='bbox 1154 2499 1232 2556; x_wconf 90' lang='lat' dir='ltr'>haec</span> <span class='ocrx_word' id='word_1_158' title='bbox 1263 2517 1313 2556; x_wconf 91' lang='lat' dir='ltr'>res</span> <span class='ocrx_word' id='word_1_159' title='bbox 1338 2517 1373 2556; x_wconf 90' lang='lat' dir='ltr'>se</span> 
     </span>
     <span class='ocr_line' id='line_1_22' title="bbox 233 2597 1374 2675; baseline -0.002 -16"><span class='ocrx_word' id='word_1_160' title='bbox 233 2601 335 2674; x_wconf 90' lang='lat' dir='ltr'>habet,</span> <span class='ocrx_word' id='word_1_161' title='bbox 358 2609 462 2658; x_wconf 86' lang='lat' dir='ltr'>manet</span> <span class='ocrx_word' id='word_1_162' title='bbox 484 2599 614 2675; x_wconf 88' lang='lat' dir='ltr'>suspicio</span> <span class='ocrx_word' id='word_1_163' title='bbox 636 2600 669 2656; x_wconf 93' lang='lat' dir='ltr'>in</span> <span class='ocrx_word' id='word_1_164' title='bbox 690 2597 738 2658; x_wconf 90' lang='lat' dir='ltr'>Et.</span> <span class='ocrx_word' id='word_1_165' title='bbox 762 2599 843 2657; x_wconf 88' lang='lat' dir='ltr'>Gud.</span> <span class='ocrx_word' id='word_1_166' title='bbox 873 2597 988 2656; x_wconf 88' lang='lat' dir='ltr'>scholia</span> <span class='ocrx_word' id='word_1_167' title='bbox 1009 2599 1212 2675; x_wconf 87' lang='lat' dir='ltr'>Apolloniana</span> <span class='ocrx_word' id='word_1_168' title='bbox 1244 2616 1308 2657; x_wconf 89' lang='lat' dir='ltr'>non</span> <span class='ocrx_word' id='word_1_169' title='bbox 1342 2601 1374 2657; x_wconf 92' lang='lat' dir='ltr'>in</span> 
     </span>
     <span class='ocr_line' id='line_1_23' title="bbox 233 2685 1373 2776; baseline -0.003 -14"><span class='ocrx_word' id='word_1_170' title='bbox 233 2722 319 2762; x_wconf 88' lang='lat' dir='ltr'>usum</span> <span class='ocrx_word' id='word_1_171' title='bbox 342 2685 468 2775; x_wconf 86' lang='lat' dir='ltr'>venisse,</span> <span class='ocrx_word' id='word_1_172' title='bbox 491 2717 553 2776; x_wconf 94' lang='lat' dir='ltr'>quo</span> <span class='ocrx_word' id='word_1_173' title='bbox 574 2701 661 2758; x_wconf 90' lang='lat' dir='ltr'>simul</span> <span class='ocrx_word' id='word_1_174' title='bbox 684 2699 879 2758; x_wconf 85' lang='lat' dir='ltr'>confirmatur</span> <span class='ocrx_word' id='word_1_175' title='bbox 898 2699 998 2775; x_wconf 88' lang='lat' dir='ltr'>ipsum</span> <span class='ocrx_word' id='word_1_176' title='bbox 1013 2701 1075 2757; x_wconf 89' lang='lat' dir='ltr'>veri</span> <span class='ocrx_word' id='word_1_177' title='bbox 1092 2699 1137 2758; x_wconf 88' lang='lat' dir='ltr'>Et.</span> <span class='ocrx_word' id='word_1_178' title='bbox 1155 2701 1194 2760; x_wconf 91' lang='lat' dir='ltr'>M.</span> <span class='ocrx_word' id='word_1_179' title='bbox 1211 2709 1373 2759; x_wconf 87' lang='lat' dir='ltr'>auctorem</span> 
     </span>
     <span class='ocr_line' id='line_1_24' title="bbox 234 2801 767 2877; baseline -0.006 -15"><span class='ocrx_word' id='word_1_180' title='bbox 234 2805 283 2863; x_wconf 89' lang='lat' dir='ltr'>illa</span> <span class='ocrx_word' id='word_1_181' title='bbox 304 2805 335 2861; x_wconf 91' lang='lat' dir='ltr'>in</span> <span class='ocrx_word' id='word_1_182' title='bbox 354 2803 475 2862; x_wconf 85' lang='lat' dir='ltr'>lexicon</span> <span class='ocrx_word' id='word_1_183' title='bbox 497 2819 585 2860; x_wconf 89' lang='lat' dir='ltr'>suum</span> <span class='ocrx_word' id='word_1_184' title='bbox 607 2801 767 2877; x_wconf 88' lang='lat' dir='ltr'>recepisse.</span> 
     </span>
    </p>

    <p class='ocr_par' dir='ltr' id='par_1_9' title="bbox 233 2902 1377 3589">
     <span class='ocr_line' id='line_1_25' title="bbox 333 2902 1374 2979; baseline 0.002 -17"><span class='ocrx_word' id='word_1_185' title='bbox 333 2905 450 2977; x_wconf 87' lang='lat' dir='ltr'>Restat,</span> <span class='ocrx_word' id='word_1_186' title='bbox 474 2913 507 2961; x_wconf 94' lang='lat' dir='ltr'>ut</span> <span class='ocrx_word' id='word_1_187' title='bbox 529 2920 720 2979; x_wconf 87' lang='lat' dir='ltr'>quaeramus,</span> <span class='ocrx_word' id='word_1_188' title='bbox 742 2903 809 2979; x_wconf 91' lang='lat' dir='ltr'>quis</span> <span class='ocrx_word' id='word_1_189' title='bbox 830 2902 919 2961; x_wconf 92' lang='lat' dir='ltr'>fuerit</span> <span class='ocrx_word' id='word_1_190' title='bbox 934 2903 983 2961; x_wconf 87' lang='lat' dir='ltr'>ille</span> <span class='ocrx_word' id='word_1_191' title='bbox 1005 2903 1057 2979; x_wconf 91' lang='lat' dir='ltr'>qui</span> <span class='ocrx_word' id='word_1_192' title='bbox 1080 2903 1111 2961; x_wconf 87' lang='lat' dir='ltr'>in</span> <span class='ocrx_word' id='word_1_193' title='bbox 1134 2922 1235 2963; x_wconf 89' lang='lat' dir='ltr'>verum</span> <span class='ocrx_word' id='word_1_194' title='bbox 1262 2903 1311 2966; x_wconf 85' lang='lat' dir='ltr'>Et.</span> <span class='ocrx_word' id='word_1_195' title='bbox 1329 2904 1374 2966; x_wconf 91' lang='lat' dir='ltr'>M.</span> 
     </span>
     <span class='ocr_line' id='line_1_26' title="bbox 234 3005 1374 3083; baseline -0.003 -17"><span class='ocrx_word' id='word_1_196' title='bbox 234 3006 350 3066; x_wconf 90' lang='lat' dir='ltr'>scholia</span> <span class='ocrx_word' id='word_1_197' title='bbox 370 3006 574 3083; x_wconf 86' lang='lat' dir='ltr'>Apolloniana</span> <span class='ocrx_word' id='word_1_198' title='bbox 595 3005 762 3078; x_wconf 87' lang='lat' dir='ltr'>inseruerit,</span> <span class='ocrx_word' id='word_1_199' title='bbox 794 3005 840 3062; x_wconf 89' lang='lat' dir='ltr'>vel</span> <span class='ocrx_word' id='word_1_200' title='bbox 870 3006 955 3080; x_wconf 92' lang='lat' dir='ltr'>quod</span> <span class='ocrx_word' id='word_1_201' title='bbox 983 3006 1066 3063; x_wconf 92' lang='lat' dir='ltr'>idem</span> <span class='ocrx_word' id='word_1_202' title='bbox 1094 3023 1163 3064; x_wconf 90' lang='lat' dir='ltr'>esse</span> <span class='ocrx_word' id='word_1_203' title='bbox 1192 3009 1374 3064; x_wconf 88' lang='lat' dir='ltr'>monstravi·</span> 
     </span>
     <span class='ocr_line' id='line_1_27' title="bbox 233 3105 1374 3185; baseline -0.002 -17"><span class='ocrx_word' id='word_1_204' title='bbox 233 3127 310 3185; x_wconf 90' lang='lat' dir='ltr'>mus,</span> <span class='ocrx_word' id='word_1_205' title='bbox 332 3108 399 3185; x_wconf 92' lang='lat' dir='ltr'>quis</span> <span class='ocrx_word' id='word_1_206' title='bbox 422 3115 528 3165; x_wconf 86' lang='lat' dir='ltr'>auctor</span> <span class='ocrx_word' id='word_1_207' title='bbox 548 3106 635 3164; x_wconf 90' lang='lat' dir='ltr'>huius</span> <span class='ocrx_word' id='word_1_208' title='bbox 660 3105 746 3163; x_wconf 85' lang='lat' dir='ltr'>lexici</span> <span class='ocrx_word' id='word_1_209' title='bbox 767 3105 865 3164; x_wconf 87' lang='lat' dir='ltr'>fuerit.</span> <span class='ocrx_word' id='word_1_210' title='bbox 908 3105 970 3164; x_wconf 90' lang='lat' dir='ltr'>Sed</span> <span class='ocrx_word' id='word_1_211' title='bbox 992 3106 1129 3165; x_wconf 89' lang='lat' dir='ltr'>adhunc</span> <span class='ocrx_word' id='word_1_212' title='bbox 1144 3107 1226 3166; x_wconf 89' lang='lat' dir='ltr'>diem</span> <span class='ocrx_word' id='word_1_213' title='bbox 1247 3108 1374 3166; x_wconf 88' lang='lat' dir='ltr'>omnino</span> 
     </span>
     <span class='ocr_line' id='line_1_28' title="bbox 233 3207 1376 3284; baseline -0.003 -15"><span class='ocrx_word' id='word_1_214' title='bbox 233 3229 297 3269; x_wconf 89' lang='lat' dir='ltr'>non</span> <span class='ocrx_word' id='word_1_215' title='bbox 318 3210 387 3269; x_wconf 91' lang='lat' dir='ltr'>licet</span> <span class='ocrx_word' id='word_1_216' title='bbox 405 3225 519 3266; x_wconf 90' lang='lat' dir='ltr'>nornen</span> <span class='ocrx_word' id='word_1_217' title='bbox 541 3207 685 3284; x_wconf 85' lang='lat' dir='ltr'>proferre,</span> <span class='ocrx_word' id='word_1_218' title='bbox 707 3207 799 3264; x_wconf 89' lang='lat' dir='ltr'>immo</span> <span class='ocrx_word' id='word_1_219' title='bbox 821 3207 893 3266; x_wconf 90' lang='lat' dir='ltr'>satis</span> <span class='ocrx_word' id='word_1_220' title='bbox 915 3207 1082 3266; x_wconf 89' lang='lat' dir='ltr'>habeamus</span> <span class='ocrx_word' id='word_1_221' title='bbox 1105 3225 1234 3266; x_wconf 90' lang='lat' dir='ltr'>necesse</span> <span class='ocrx_word' id='word_1_222' title='bbox 1257 3217 1313 3278; x_wconf 88' lang='lat' dir='ltr'>est,</span> <span class='ocrx_word' id='word_1_223' title='bbox 1350 3210 1376 3266; x_wconf 88' lang='lat' dir='ltr'>si</span> 
     </span>
     <span class='ocr_line' id='line_1_29' title="bbox 233 3307 1375 3388; baseline -0.004 -18"><span class='ocrx_word' id='word_1_224' title='bbox 233 3321 361 3388; x_wconf 90' lang='lat' dir='ltr'>tempus,</span> <span class='ocrx_word' id='word_1_225' title='bbox 384 3327 445 3386; x_wconf 93' lang='lat' dir='ltr'>quo</span> <span class='ocrx_word' id='word_1_226' title='bbox 466 3309 622 3384; x_wconf 91' lang='lat' dir='ltr'>hocopus</span> <span class='ocrx_word' id='word_1_227' title='bbox 643 3315 743 3366; x_wconf 89' lang='lat' dir='ltr'>ortum</span> <span class='ocrx_word' id='word_1_228' title='bbox 765 3317 823 3384; x_wconf 87' lang='lat' dir='ltr'>est,</span> <span class='ocrx_word' id='word_1_229' title='bbox 856 3309 945 3368; x_wconf 89' lang='lat' dir='ltr'>certis</span> <span class='ocrx_word' id='word_1_230' title='bbox 974 3307 1083 3366; x_wconf 90' lang='lat' dir='ltr'>finibus</span> <span class='ocrx_word' id='word_1_231' title='bbox 1108 3309 1375 3387; x_wconf 88' lang='lat' dir='ltr'>circumscripseri-</span> 
     </span>
     <span class='ocr_line' id='line_1_30' title="bbox 233 3408 1377 3488; baseline -0.004 -15"><span class='ocrx_word' id='word_1_232' title='bbox 233 3432 308 3474; x_wconf 88' lang='lat' dir='ltr'>mus.</span> <span class='ocrx_word' id='word_1_233' title='bbox 351 3411 457 3470; x_wconf 91' lang='lat' dir='ltr'>Naber</span> <span class='ocrx_word' id='word_1_234' title='bbox 478 3409 509 3466; x_wconf 89' lang='lat' dir='ltr'>in</span> <span class='ocrx_word' id='word_1_235' title='bbox 530 3408 630 3466; x_wconf 89' lang='lat' dir='ltr'>Photii</span> <span class='ocrx_word' id='word_1_236' title='bbox 653 3409 741 3466; x_wconf 89' lang='lat' dir='ltr'>lexici</span> <span class='ocrx_word' id='word_1_237' title='bbox 764 3409 900 3467; x_wconf 89' lang='lat' dir='ltr'>editione</span> <span class='ocrx_word' id='word_1_238' title='bbox 921 3410 938 3467; x_wconf 94' lang='lat' dir='ltr'>I</span> <span class='ocrx_word' id='word_1_239' title='bbox 960 3426 989 3485; x_wconf 92' lang='lat' dir='ltr'>p.</span> <span class='ocrx_word' id='word_1_240' title='bbox 1016 3412 1073 3469; x_wconf 86' lang='grc'>167</span> <span class='ocrx_word' id='word_1_241' title='bbox 1086 3427 1129 3485; x_wconf 91' lang='lat' dir='ltr'>sq.</span> <span class='ocrx_word' id='word_1_242' title='bbox 1151 3409 1200 3471; x_wconf 90' lang='lat' dir='ltr'>Et.</span> <span class='ocrx_word' id='word_1_243' title='bbox 1221 3410 1262 3471; x_wconf 89' lang='lat' dir='ltr'>M.</span> <span class='ocrx_word' id='word_1_244' title='bbox 1286 3419 1377 3488; x_wconf 91' lang='lat' dir='ltr'>putat</span> 
     </span>
     <span class='ocr_line' id='line_1_31' title="bbox 234 3509 1377 3589; baseline -0.004 -16"><span class='ocrx_word' id='word_1_245' title='bbox 234 3513 361 3573; x_wconf 90' lang='lat' dir='ltr'>saeculo</span> <span class='ocrx_word' id='word_1_246' title='bbox 384 3510 547 3570; x_wconf 88' lang='lat' dir='ltr'>undecimo</span> <span class='ocrx_word' id='word_1_247' title='bbox 570 3509 684 3568; x_wconf 85' lang='lat' dir='ltr'>factum</span> <span class='ocrx_word' id='word_1_248' title='bbox 703 3527 779 3585; x_wconf 88' lang='lat' dir='ltr'>esse,</span> <span class='ocrx_word' id='word_1_249' title='bbox 815 3528 883 3568; x_wconf 89' lang='lat' dir='ltr'>cum</span> <span class='ocrx_word' id='word_1_250' title='bbox 904 3510 935 3567; x_wconf 88' lang='lat' dir='ltr'>in</span> <span class='ocrx_word' id='word_1_251' title='bbox 958 3527 996 3568; x_wconf 92' lang='lat' dir='ltr'>eo</span> <span class='ocrx_word' id='word_1_252' title='bbox 1019 3509 1145 3569; x_wconf 91' lang='lat' dir='ltr'>Photius</span> <span class='ocrx_word' id='word_1_253' title='bbox 1167 3512 1307 3571; x_wconf 88' lang='lat' dir='ltr'>laudetur</span> <span class='ocrx_word' id='word_1_254' title='bbox 1330 3513 1377 3589; x_wconf 90' lang='lat' dir='ltr'>ip-</span> 
     </span>
    </p>
   </div>
   <div class='ocr_carea' id='block_1_8' title="bbox 235 3605 1377 3693">
    <p class='ocr_par' dir='ltr' id='par_1_10' title="bbox 235 3605 1377 3693">
     <span class='ocr_line' id='line_1_32' title="bbox 235 3605 1377 3693; baseline -0.004 -19"><span class='ocrx_word' id='word_1_255' title='bbox 235 3631 360 3693; x_wconf 88' lang='lat' dir='ltr'>sumque</span> <span class='ocrx_word' id='word_1_256' title='bbox 382 3612 420 3672; x_wconf 90' lang='lat' dir='ltr'>ab</span> <span class='ocrx_word' id='word_1_257' title='bbox 446 3610 605 3670; x_wconf 89' lang='lat' dir='ltr'>Eustathio</span> <span class='ocrx_word' id='word_1_258' title='bbox 628 3611 809 3669; x_wconf 88' lang='lat' dir='ltr'>nominetur.</span> <span class='ocrx_word' id='word_1_259' title='bbox 852 3608 1064 3669; x_wconf 87' lang='lat' dir='ltr'>Krumbacher</span> <span class='ocrx_word' id='word_1_260' title='bbox 1082 3605 1253 3689; x_wconf 77' lang='lat' dir='ltr'>(Byzantia.</span> <span class='ocrx_word' id='word_1_261' title='bbox 1276 3611 1377 3672; x_wconf 88' lang='lat' dir='ltr'>Litte-</span> 
     </span>
    </p>
   </div>
   <div class='ocr_carea' id='block_1_9' title="bbox 233 3897 1378 4586">
    <p class='ocr_par' dir='ltr' id='par_1_11' title="bbox 233 3897 1378 4586">
     <span class='ocr_line' id='line_1_33' title="bbox 333 3897 1378 3978; baseline 0.002 -25"><span class='ocrx_word' id='word_1_262' title='bbox 333 3899 343 3938; x_wconf 91' lang='lat'>¹</span> <span class='ocrx_word' id='word_1_263' title='bbox 362 3905 395 3953; x_wconf 90' lang='lat' dir='ltr'>In</span> <span class='ocrx_word' id='word_1_264' title='bbox 412 3904 455 3978; x_wconf 77' lang='lat' dir='ltr'>Et.</span> <span class='ocrx_word' id='word_1_265' title='bbox 474 3901 543 3953; x_wconf 89' lang='lat' dir='ltr'>Gud.</span> <span class='ocrx_word' id='word_1_266' title='bbox 565 3897 631 3952; x_wconf 89' lang='lat' dir='ltr'>ordo</span> <span class='ocrx_word' id='word_1_267' title='bbox 649 3909 690 3954; x_wconf 87' lang='lat' dir='ltr'>est</span> <span class='ocrx_word' id='word_1_268' title='bbox 707 3898 790 3953; x_wconf 86' lang='lat' dir='ltr'>multo</span> <span class='ocrx_word' id='word_1_269' title='bbox 808 3898 954 3968; x_wconf 85' lang='lat' dir='ltr'>neglectior</span> <span class='ocrx_word' id='word_1_270' title='bbox 973 3915 1050 3970; x_wconf 86' lang='lat' dir='ltr'>quam</span> <span class='ocrx_word' id='word_1_271' title='bbox 1068 3899 1097 3954; x_wconf 87' lang='lat' dir='ltr'>in</span> <span class='ocrx_word' id='word_1_272' title='bbox 1114 3901 1158 3956; x_wconf 82' lang='lat' dir='ltr'>Et.</span> <span class='ocrx_word' id='word_1_273' title='bbox 1176 3901 1223 3964; x_wconf 76' lang='lat' dir='ltr'>tt,</span> <span class='ocrx_word' id='word_1_274' title='bbox 1241 3897 1316 3970; x_wconf 86' lang='lat' dir='ltr'>quod</span> <span class='ocrx_word' id='word_1_275' title='bbox 1336 3918 1378 3956; x_wconf 86' lang='lat' dir='ltr'>se·</span> 
     </span>
     <span class='ocr_line' id='line_1_34' title="bbox 234 3989 1377 4058; baseline 0.001 -15"><span class='ocrx_word' id='word_1_276' title='bbox 234 3989 348 4044; x_wconf 82' lang='lat' dir='ltr'>cundum</span> <span class='ocrx_word' id='word_1_277' title='bbox 366 3991 509 4042; x_wconf 89' lang='lat' dir='ltr'>litterarum</span> <span class='ocrx_word' id='word_1_278' title='bbox 527 3990 647 4041; x_wconf 88' lang='lat' dir='ltr'>ordinem</span> <span class='ocrx_word' id='word_1_279' title='bbox 667 3992 800 4058; x_wconf 88' lang='lat' dir='ltr'>plerisque</span> <span class='ocrx_word' id='word_1_280' title='bbox 819 3992 883 4042; x_wconf 87' lang='lat' dir='ltr'>locis</span> <span class='ocrx_word' id='word_1_281' title='bbox 901 3993 1072 4058; x_wconf 89' lang='lat' dir='ltr'>compositum</span> <span class='ocrx_word' id='word_1_282' title='bbox 1092 4003 1139 4044; x_wconf 88' lang='lat' dir='ltr'>est.</span> <span class='ocrx_word' id='word_1_283' title='bbox 1176 3993 1208 4042; x_wconf 88' lang='lat' dir='ltr'>In</span> <span class='ocrx_word' id='word_1_284' title='bbox 1226 3993 1269 4044; x_wconf 91' lang='lat' dir='ltr'>Et.</span> <span class='ocrx_word' id='word_1_285' title='bbox 1288 4001 1377 4044; x_wconf 87' lang='lat' dir='ltr'>autem</span> 
     </span>
     <span class='ocr_line' id='line_1_35' title="bbox 233 4079 1377 4147; baseline 0.001 -15"><span class='ocrx_word' id='word_1_286' title='bbox 233 4081 304 4133; x_wconf 81' lang='lat' dir='ltr'>Gud.</span> <span class='ocrx_word' id='word_1_287' title='bbox 323 4094 402 4146; x_wconf 85' lang='lat' dir='ltr'>saepe</span> <span class='ocrx_word' id='word_1_288' title='bbox 419 4079 499 4128; x_wconf 87' lang='lat' dir='ltr'>facile</span> <span class='ocrx_word' id='word_1_289' title='bbox 519 4079 567 4129; x_wconf 83' lang='lat' dir='ltr'>erit</span> <span class='ocrx_word' id='word_1_290' title='bbox 586 4079 705 4142; x_wconf 86' lang='lat' dir='ltr'>singulos</span> <span class='ocrx_word' id='word_1_291' title='bbox 724 4081 811 4131; x_wconf 87' lang='lat' dir='ltr'>fontes</span> <span class='ocrx_word' id='word_1_292' title='bbox 832 4081 987 4140; x_wconf 87' lang='lat' dir='ltr'>discernere,</span> <span class='ocrx_word' id='word_1_293' title='bbox 1015 4081 1076 4146; x_wconf 87' lang='lat' dir='ltr'>quia</span> <span class='ocrx_word' id='word_1_294' title='bbox 1102 4081 1214 4147; x_wconf 84' lang='lat' dir='ltr'>capitum</span> <span class='ocrx_word' id='word_1_295' title='bbox 1243 4082 1323 4132; x_wconf 87' lang='lat' dir='ltr'>series</span> <span class='ocrx_word' id='word_1_296' title='bbox 1344 4099 1377 4134; x_wconf 82' lang='lat' dir='ltr'>ex</span> 
     </span>
     <span class='ocr_line' id='line_1_36' title="bbox 234 4166 1376 4238; baseline 0 -18"><span class='ocrx_word' id='word_1_297' title='bbox 234 4185 287 4220; x_wconf 88' lang='lat' dir='ltr'>uno</span> <span class='ocrx_word' id='word_1_298' title='bbox 306 4169 381 4219; x_wconf 76' lang='lat' dir='ltr'>fonte</span> <span class='ocrx_word' id='word_1_299' title='bbox 400 4175 504 4233; x_wconf 86' lang='lat' dir='ltr'>sumpta</span> <span class='ocrx_word' id='word_1_300' title='bbox 522 4166 675 4234; x_wconf 89' lang='lat' dir='ltr'>plerumque</span> <span class='ocrx_word' id='word_1_301' title='bbox 694 4184 749 4218; x_wconf 87' lang='lat' dir='ltr'>non</span> <span class='ocrx_word' id='word_1_302' title='bbox 768 4169 890 4219; x_wconf 88' lang='lat' dir='ltr'>miscetur</span> <span class='ocrx_word' id='word_1_303' title='bbox 908 4171 950 4238; x_wconf 83' lang='lat' dir='ltr'>iis,</span> <span class='ocrx_word' id='word_1_304' title='bbox 978 4185 1043 4235; x_wconf 87' lang='lat' dir='ltr'>quae</span> <span class='ocrx_word' id='word_1_305' title='bbox 1069 4169 1174 4220; x_wconf 86' lang='lat' dir='ltr'>aliunde</span> <span class='ocrx_word' id='word_1_306' title='bbox 1192 4169 1287 4220; x_wconf 87' lang='lat' dir='ltr'>hausta</span> <span class='ocrx_word' id='word_1_307' title='bbox 1306 4175 1376 4238; x_wconf 78' lang='lat' dir='ltr'>sunt,</span> 
     </span>
     <span class='ocr_line' id='line_1_37' title="bbox 233 4256 1378 4326; baseline 0.002 -19"><span class='ocrx_word' id='word_1_308' title='bbox 233 4257 311 4307; x_wconf 89' lang='lat' dir='ltr'>immo</span> <span class='ocrx_word' id='word_1_309' title='bbox 329 4270 516 4321; x_wconf 85' lang='lat' dir='ltr'>saepenumero</span> <span class='ocrx_word' id='word_1_310' title='bbox 546 4271 593 4321; x_wconf 87' lang='lat' dir='ltr'>per</span> <span class='ocrx_word' id='word_1_311' title='bbox 619 4256 765 4322; x_wconf 88' lang='lat' dir='ltr'>complures</span> <span class='ocrx_word' id='word_1_312' title='bbox 791 4272 867 4307; x_wconf 88' lang='lat' dir='ltr'>voces</span> <span class='ocrx_word' id='word_1_313' title='bbox 895 4274 975 4308; x_wconf 89' lang='lat' dir='ltr'>unum</span> <span class='ocrx_word' id='word_1_314' title='bbox 1002 4259 1101 4308; x_wconf 85' lang='lat' dir='ltr'>fontem</span> <span class='ocrx_word' id='word_1_315' title='bbox 1128 4263 1216 4308; x_wconf 88' lang='lat' dir='ltr'>auctor</span> <span class='ocrx_word' id='word_1_316' title='bbox 1247 4259 1378 4326; x_wconf 91' lang='lat' dir='ltr'>sequitur,</span> 
     </span>
     <span class='ocr_line' id='line_1_38' title="bbox 234 4343 1375 4411; baseline 0.002 -15"><span class='ocrx_word' id='word_1_317' title='bbox 234 4345 332 4396; x_wconf 85' lang='lat' dir='ltr'>deinde</span> <span class='ocrx_word' id='word_1_318' title='bbox 352 4343 433 4411; x_wconf 86' lang='lat' dir='ltr'>addit,</span> <span class='ocrx_word' id='word_1_319' title='bbox 453 4359 521 4409; x_wconf 90' lang='lat' dir='ltr'>quae</span> <span class='ocrx_word' id='word_1_320' title='bbox 540 4359 572 4392; x_wconf 86' lang='lat' dir='ltr'>ex</span> <span class='ocrx_word' id='word_1_321' title='bbox 592 4343 645 4394; x_wconf 87' lang='lat' dir='ltr'>alio</span> <span class='ocrx_word' id='word_1_322' title='bbox 664 4345 750 4396; x_wconf 87' lang='lat' dir='ltr'>sumit.</span> <span class='ocrx_word' id='word_1_323' title='bbox 788 4345 912 4396; x_wconf 88' lang='lat' dir='ltr'>Similiter</span> <span class='ocrx_word' id='word_1_324' title='bbox 942 4346 990 4397; x_wconf 89' lang='lat' dir='ltr'>sed</span> <span class='ocrx_word' id='word_1_325' title='bbox 1009 4346 1091 4396; x_wconf 88' lang='lat' dir='ltr'>multo</span> <span class='ocrx_word' id='word_1_326' title='bbox 1116 4347 1279 4398; x_wconf 82' lang='lat' dir='ltr'>constantius</span> <span class='ocrx_word' id='word_1_327' title='bbox 1306 4346 1375 4398; x_wconf 85' lang='lat' dir='ltr'>hanc</span> 
     </span>
     <span class='ocr_line' id='line_1_39' title="bbox 234 4433 1378 4501; baseline 0.003 -19"><span class='ocrx_word' id='word_1_328' title='bbox 234 4433 357 4485; x_wconf 87' lang='lat' dir='ltr'>rationem</span> <span class='ocrx_word' id='word_1_329' title='bbox 386 4436 491 4481; x_wconf 90' lang='lat' dir='ltr'>secutus</span> <span class='ocrx_word' id='word_1_330' title='bbox 518 4437 558 4481; x_wconf 90' lang='lat' dir='ltr'>est</span> <span class='ocrx_word' id='word_1_331' title='bbox 586 4433 668 4483; x_wconf 89' lang='lat' dir='ltr'>Orion</span> <span class='ocrx_word' id='word_1_332' title='bbox 695 4433 722 4482; x_wconf 93' lang='lat' dir='ltr'>in</span> <span class='ocrx_word' id='word_1_333' title='bbox 747 4433 921 4499; x_wconf 86' lang='lat' dir='ltr'>etymologico</span> <span class='ocrx_word' id='word_1_334' title='bbox 950 4451 1014 4501; x_wconf 86' lang='lat' dir='ltr'>suo,</span> <span class='ocrx_word' id='word_1_335' title='bbox 1042 4434 1074 4487; x_wconf 84' lang='lat' dir='ltr'>cf.</span> <span class='ocrx_word' id='word_1_336' title='bbox 1103 4433 1193 4485; x_wconf 86' lang='lat' dir='ltr'>Kleist</span> <span class='ocrx_word' id='word_1_337' title='bbox 1220 4434 1255 4484; x_wconf 90' lang='lat' dir='ltr'>de</span> <span class='ocrx_word' id='word_1_338' title='bbox 1282 4434 1378 4486; x_wconf 90' lang='lat' dir='ltr'>Philo·</span> 
     </span>
     <span class='ocr_line' id='line_1_40' title="bbox 234 4519 857 4586; baseline 0.002 -16"><span class='ocrx_word' id='word_1_339' title='bbox 234 4536 302 4570; x_wconf 86' lang='lat' dir='ltr'>xeno</span> <span class='ocrx_word' id='word_1_340' title='bbox 323 4537 351 4586; x_wconf 92' lang='lat' dir='ltr'>p.</span> <span class='ocrx_word' id='word_1_341' title='bbox 372 4519 412 4572; x_wconf 85' lang='lat'>16.</span> <span class='ocrx_word' id='word_1_342' title='bbox 855 4527 857 4534; x_wconf 92' lang='lat'>&#39;</span> 
     </span>
    </p>
   </div>
   <div class='ocr_carea' id='block_1_10' title="bbox 0 0 1477 4922">
    <p class='ocr_par' dir='ltr' id='par_1_12' title="bbox 0 0 1477 4922">
     <span class='ocr_line' id='line_1_41' title="bbox 0 0 1477 4922; baseline 0 0"><span class='ocrx_word' id='word_1_343' title='bbox 0 0 1477 4922; x_wconf 95' lang='lat' dir='ltr'> </span> 
     </span>
    </p>
   </div>
  </div>
 </body>
</html>
