2938 4922
793 301 827 354 10

240 472 363 538 τάτου
384 472 571 552 στήθους.
616 475 705 536 Nunc
727 478 832 536 confer
853 478 948 537 schol.
970 479 1001 536 in
1023 478 1105 536 illum
1125 479 1182 554 Ap.
1206 475 1377 550 versum(ll

242 573 327 654 ioli:
343 573 377 640 ἐξ
392 573 528 639 ὑπάτοιο
541 575 698 654 στήθεοςε
718 573 789 640 οἷον
804 577 837 642 ἐξ
853 573 963 655 ἄκρου,
986 575 1052 640 καὶ
1075 574 1145 641 οὐκ
1159 575 1199 641 ἐκ
1215 574 1379 657 βάθους,

241 676 293 742 διὰ
314 675 372 753 τὴν
395 673 567 741 ἀσθένειαν
588 674 741 742 ἀναπνεῖν
765 697 800 742 τε
823 677 876 742 καὶ
897 681 1006 742 λαλεῖν
1021 676 1061 742 οὐ
1076 676 1265 759 δυνάμενος.
1301 684 1379 742 Illud

240 781 289 843 Et.
306 781 387 843 Gud.
407 783 520 841 lemma
541 791 695 857 sumptum
718 799 786 840 esse
807 783 909 840 elucet
929 801 968 840 ex
990 783 1107 840 scholio
1124 784 1156 841 in
1170 784 1379 859 Apollonium,

240 883 326 957 quod
346 899 416 941 eam
437 883 535 958 ipsam
556 883 690 942 habebat
709 885 1001 960 interpretationem,
1025 901 1116 960 quam
1130 893 1268 943 nostrum
1289 886 1379 944 scho-

238 983 300 1040 lion
322 991 356 1040 ut
377 982 482 1042 falsam
504 983 622 1043 refutat.
654 984 798 1043 Fortasse
819 1001 883 1042 non
904 992 1019 1042 temere
1042 985 1226 1044 sententiam
1240 987 1272 1045 in
1287 985 1377 1048 scho-

239 1083 284 1141 liis
306 1085 468 1159 probatam
483 1083 635 1160 Sophocli,
658 1087 850 1163 repudiatam
873 1085 937 1144 sive
951 1085 1063 1145 Lucillo
1087 1085 1150 1144 sive
1164 1086 1279 1145 Pacato
1295 1105 1378 1146 com·

240 1185 402 1244 mentatori
426 1185 573 1260 tribueris,
597 1201 727 1262 quorum
747 1187 880 1264 priorem
901 1206 921 1244 a
944 1187 1095 1264 Sophocle
1118 1186 1268 1246 confutari
1290 1188 1376 1246 vides

239 1287 272 1344 in
293 1284 387 1344 schol.
409 1286 425 1344 I
449 1288 538 1360 1083,
560 1286 688 1344 alterum
710 1288 742 1345 in
763 1287 856 1347 schol.
880 1288 912 1347 II
939 1289 998 1346 127
1022 1295 1055 1345 et
1075 1287 1105 1344 II
1128 1290 1198 1349 992.
1251 1288 1376 1348 Praete-

240 1402 293 1445 rea
314 1386 374 1445 huc
397 1386 590 1444 referendum
612 1388 732 1446 videtur
751 1389 802 1448 Εἴ.
824 1387 867 1448 M.
891 1389 960 1456 248,
988 1389 1024 1448 51
1052 1407 1078 1448 ν.
1102 1383 1249 1464 δάσκιος·
1278 1385 1297 1450 ὁ
1325 1407 1379 1465 με·

239 1481 428 1563 γαλόσκιος·
456 1482 515 1548 οὐκ
537 1481 604 1550 άπὸ
633 1487 691 1550 τοῦ
714 1484 892 1565 δασύσκιος
916 1485 997 1549 κατὰ
1018 1485 1196 1564 συγκοπήν,
1219 1485 1290 1551 ἀλλ’
1314 1484 1380 1553 άπὸ

240 1589 299 1651 τοῦ
322 1589 363 1650 δα
385 1585 583 1650 ἐπιτατικοῦ·
605 1583 677 1651 οἷον
701 1585 854 1668 „humor
870 1584 1101 1664 εἰσελάσαντες
1117 1583 1223 1666 ἕλος“,
1249 1587 1381 1654 σάνδεν·

240 1694 334 1768 δρον;
368 1709 502 1768 quocum
536 1691 642 1750 confer
669 1669 806 1751 scholion
841 1694 883 1751 ad
912 1692 992 1750 hunc
1013 1689 1167 1768 Apollonii
1196 1709 1315 1751 versum
1339 1689 1380 1772 (ll

242 1790 354 1869 tuem:
376 1788 510 1856 δάσκιον
529 1789 611 1854 κατά
631 1791 798 1868 συγκοπὴν
820 1790 858 1854 τὸ
879 1788 1068 1854 δασάσκιον.
1111 1791 1248 1869 Suntque
1279 1796 1380 1870 plures

240 1894 310 1964 loci,
345 1895 397 1952 ubi
426 1895 692 1970 grammaticorum
723 1895 755 1952 in
777 1895 973 1970 Apollonium
1006 1912 1131 1971 operam
1164 1903 1294 1954 testatur
1328 1897 1378 1958 Et.

240 1995 292 2064 M..
329 2013 458 2071 quorum
490 1995 539 2054 hic
573 1997 649 2054 ratio
682 1995 827 2055 habenda
860 2013 922 2053 non
956 2003 1012 2064 est,
1047 1994 1232 2071 quoniama
1259 1997 1379 2057 scholiis

193 2117 195 2123 ’
240 2097 340 2154 aliena
362 2105 440 2156 sunt

340 2197 397 2256 His
421 2199 570 2275 capitibus
591 2217 630 2256 ex
652 2197 771 2258 scholiis
800 2197 1010 2274 Apollonianis
1034 2198 1162 2274 sumptis
1192 2208 1298 2258 auctor
1331 2201 1379 2260 Et.

240 2299 281 2362 M.
307 2301 373 2376 ipse
393 2300 487 2358 multa
508 2299 600 2360 eham
621 2300 756 2370 addidit;
780 2300 865 2375 quod
881 2300 988 2358 mirum
1003 2315 1072 2358 esse
1093 2317 1156 2357 uon
1170 2308 1284 2376 potest,
1306 2317 1381 2376 quo·

241 2403 323 2461 niam
345 2403 466 2479 saepius
490 2403 628 2460 videmus
650 2419 715 2475 eos,
750 2401 802 2476 qui
831 2402 927 2461 lexica
957 2408 1155 2477 componunt,
1187 2417 1225 2458 ex
1259 2401 1381 2460 scholiis

242 2505 339 2563 multa
361 2505 514 2580 complere
536 2522 596 2561 nec
618 2504 716 2562 minus
739 2503 915 2562 scholiastas
938 2519 1037 2561 rursus
1062 2502 1166 2560 lexicis
1188 2504 1281 2561 abuti.
1326 2503 1381 2560 Sa-

242 2606 280 2664 tis
302 2613 351 2662 est
373 2603 527 2678 Orionem,
551 2622 641 2681 quem
664 2605 694 2661 in
717 2604 879 2662 scribendo
902 2603 1104 2679 etymologico
1120 2603 1163 2660 sie
1178 2603 1277 2679 egisse
1293 2621 1378 2690 inon-

241 2705 346 2764 stravit
369 2705 466 2763 Kleist
487 2699 542 2782 (de
554 2704 711 2763 Philoxeni
732 2705 921 2780 grammatici
943 2703 1049 2762 studiis
1071 2703 1302 2780 etymologiam),
1335 2703 1382 2760 vel
1459 2721 1460 2758 ι

241 2807 368 2866 Suidam
389 2807 421 2863 in
440 2807 616 2864 memoriam
638 2823 790 2880 revocare,
824 2823 915 2881 quern
938 2805 1010 2862 item
1032 2803 1178 2879 permulta
1200 2821 1238 2860 ex
1260 2803 1381 2862 scholiis

243 2909 406 2982 sumpsisse
435 2916 541 2964 notum
571 2903 644 2966 est1.
700 2905 749 2965 Sic
780 2915 885 2964 noster
914 2921 1039 2982 quoque
1068 2906 1268 2979 etymologuS,
1304 2922 1381 2980 quos

243 3008 349 3066 habuit
371 3009 494 3067 codices
527 3009 648 3067 scholiis
680 3009 855 3079 instructos
889 3007 1038 3064 industrie
1074 3006 1242 3082 excerpsit3
1279 3022 1383 3081 neque

243 3119 362 3174 tantum
385 3109 505 3167 scholiis
527 3110 558 3166 in
573 3108 775 3184 Apollonium,
799 3109 857 3166 sed
880 3109 973 3166 etiam
995 3107 1147 3165 nonnullis
1164 3107 1227 3166 aliis
1242 3123 1312 3164 usus
1324 3114 1380 3166 est.

243 3211 418 3269 Secundum
441 3209 710 3284 Reitzensteinum
740 3208 863 3266 Inedita
884 3217 1046 3283 poetarum
1068 3208 1177 3268 Graec.
1204 3207 1387 3282 fragmenta,

242 3311 310 3370 lnd.
332 3310 418 3370 Rost.
443 3309 577 3382 1890i91
601 3329 630 3386 p.
646 3312 694 3387 16,
727 3325 798 3368 usus
834 3318 882 3366 est
915 3311 1105 3384 etymologus
1137 3310 1184 3368 his
1216 3309 1247 3366 in
1275 3317 1385 3384 poetas
1458 3356 1459 3370 ι

243 3412 348 3488 epicos
371 3411 505 3471 scholiis:
529 3411 696 3470 inHomeri
717 3410 855 3480 Iliadem,
879 3409 1064 3486 Odysseam,
1086 3409 1268 3483 Hesiodum,
1290 3408 1386 3483 Apol·

244 3514 315 3572 lonii
338 3513 556 3587 Argonautica,
579 3512 788 3583 Theocritum,
811 3511 955 3569 Nicandri
978 3510 1129 3570 Theriaca
1152 3519 1182 3568 et
1205 3509 1386 3586 Alexiphar-

242 3631 340 3684 maca,
363 3612 538 3690 Oppianum
560 3607 611 3691 (l),
633 3611 808 3671 Callimachi
830 3611 976 3672 Hecalen.
1020 3611 1101 3669 Num
1123 3628 1194 3670 vero
1218 3612 1284 3687 ipse
1307 3610 1386 3669 haec

244 3716 345 3774 omnia
367 3716 399 3772 in
419 3715 558 3773 manibus
581 3714 730 3782 habuerit,
763 3714 854 3771 valde
877 3712 985 3771 dubito
1016 3723 1047 3770 et
1073 3730 1143 3770 meo
1166 3713 1290 3788 quidem
1312 3712 1386 3773 iure.

246 3889 444 3900 *ιι-.-

342 3998 353 4036 ¹
374 3999 476 4060 Suidas,
496 4007 621 4066 quantum
639 3999 744 4059 scimus,
764 4014 827 4048 usus
841 4005 881 4048 est
895 3997 1004 4048 scholiis
1017 3997 1045 4047 in
1055 3995 1264 4066 Aristophanem,
1283 3995 1388 4062 Sopho·

246 4090 321 4156 clem,
339 4091 496 4154 Homerum,
513 4087 708 4154 Thucydidem
740 4085 842 4136 scholia
868 4091 954 4136 autern
974 4085 1152 4151 Apolloniam
1169 4085 1196 4135 in
1216 4083 1306 4150 copias
1326 4099 1388 4134 suas

244 4195 296 4230 non
315 4160 419 4245 recepit.
456 4176 553 4228 Tribus
581 4183 680 4226 tantum
707 4175 776 4226 locis
804 4173 925 4225 laudatur
944 4173 1112 4242 Apollonius,
1145 4188 1253 4240 quorum
1273 4185 1342 4222 uuus
1362 4189 1387 4226 v.

243 4266 375 4331 Λυγκέως
392 4265 605 4331 ὁὶυωπέστερον
624 4263 731 4328 βλέπεις
750 4279 782 4314 ex
800 4261 904 4313 scholio
930 4261 958 4312 iu
977 4261 1112 4328 Aristoph.
1140 4259 1210 4312 Plut.
1230 4257 1291 4320 210,
1320 4259 1388 4310 alter

243 4373 268 4409 v.
287 4357 506 4420 μασχαλισθήναι
526 4371 558 4404 ex
578 4353 680 4404 scholio
699 4354 728 4404 in
749 4351 832 4417 soph.
850 4349 949 4402 Electr.
968 4349 1021 4402 445
1040 4356 1159 4413 sumptus
1172 4355 1225 4413 est,
1243 4347 1350 4398 tertium
1364 4366 1388 4400 v.

244 4443 389 4506 κατουλάς,
410 4458 469 4492 cum
488 4442 557 4492 desit
576 4443 603 4491 in
621 4439 728 4506 optimis
741 4439 887 4497 codicibus,
905 4437 1090 4503 interpolatum
1101 4452 1159 4488 esse
1168 4434 1293 4500 cognovit
1303 4435 1386 4486 Bern-

245 4534 369 4600 hardyus,
389 4547 419 4581 ex
438 4531 480 4582 Et.
500 4531 538 4581 M.
557 4537 585 4579 ut
603 4535 678 4593 putat
697 4527 738 4596 (cf.
748 4528 838 4579 adnot.
857 4527 890 4577 ad
909 4525 979 4576 hunc
997 4526 1083 4575 locum
1102 4525 1131 4574 in
1140 4523 1235 4574 Suidae
1254 4523 1389 4589 editione).
