<?xml version="1.0" encoding="UTF-8"?>
<!DOCTYPE html PUBLIC "-//W3C//DTD XHTML 1.0 Transitional//EN"
    "http://www.w3.org/TR/xhtml1/DTD/xhtml1-transitional.dtd">
<html xmlns="http://www.w3.org/1999/xhtml" xml:lang="en" lang="en">
 <head>
  <title>
</title>
<meta http-equiv="Content-Type" content="text/html;charset=utf-8" />
  <meta name='ocr-system' content='tesseract 3.04.00' />
  <meta name='ocr-capabilities' content='ocr_page ocr_carea ocr_par ocr_line ocrx_word'/>
</head>
<body>
  <div class='ocr_page' id='page_1' title='image "./descholiisinapo00bercgoog_0024.png"; bbox 0 0 2938 4922; ppageno 0'>
   <div class='ocr_carea' id='block_1_1' title="bbox 634 286 667 340">
    <p class='ocr_par' dir='ltr' id='par_1_1' title="bbox 634 286 667 340">
     <span class='ocr_line' id='line_1_1' title="bbox 634 286 667 340; baseline 0.061 -2"><span class='ocrx_word' id='word_1_1' title='bbox 634 286 667 340; x_wconf 82' lang='lat'><strong>19</strong></span> 
     </span>
    </p>
   </div>
   <div class='ocr_carea' id='block_1_2' title="bbox 72 463 1237 4598">
    <p class='ocr_par' dir='ltr' id='par_1_2' title="bbox 72 463 1237 4598">
     <span class='ocr_line' id='line_1_2' title="bbox 75 463 1226 540; baseline 0.001 -20"><span class='ocrx_word' id='word_1_2' title='bbox 75 481 138 539; x_wconf 91' lang='lat' dir='ltr'><strong>que</strong></span> <span class='ocrx_word' id='word_1_3' title='bbox 160 465 202 520; x_wconf 86' lang='lat' dir='ltr'><strong>rei</strong></span> <span class='ocrx_word' id='word_1_4' title='bbox 224 479 324 538; x_wconf 89' lang='lat' dir='ltr'><strong>pauca</strong></span> <span class='ocrx_word' id='word_1_5' title='bbox 347 470 466 522; x_wconf 88' lang='lat' dir='ltr'><strong>tanturn</strong></span> <span class='ocrx_word' id='word_1_6' title='bbox 489 463 630 540; x_wconf 82' lang='lat' dir='ltr'><strong>exempla</strong></span> <span class='ocrx_word' id='word_1_7' title='bbox 652 464 825 523; x_wconf 86' lang='lat' dir='ltr'><strong>accuratius</strong></span> <span class='ocrx_word' id='word_1_8' title='bbox 851 463 1003 532; x_wconf 85' lang='lat' dir='ltr'>describo,</span> <span class='ocrx_word' id='word_1_9' title='bbox 1038 472 1141 522; x_wconf 87' lang='lat' dir='ltr'><strong>cetera</strong></span> <span class='ocrx_word' id='word_1_10' title='bbox 1170 465 1226 522; x_wconf 89' lang='lat' dir='ltr'><strong>de-</strong></span> 
     </span>
     <span class='ocr_line' id='line_1_3' title="bbox 75 559 1226 641; baseline -0.001 -19"><span class='ocrx_word' id='word_1_11' title='bbox 75 571 163 624; x_wconf 91' lang='lat' dir='ltr'><strong>noto.</strong></span> <span class='ocrx_word' id='word_1_12' title='bbox 208 564 245 621; x_wconf 88' lang='lat' dir='ltr'><strong>In</strong></span> <span class='ocrx_word' id='word_1_13' title='bbox 267 565 314 624; x_wconf 86' lang='lat' dir='ltr'><strong>Et.</strong></span> <span class='ocrx_word' id='word_1_14' title='bbox 334 563 376 624; x_wconf 91' lang='lat' dir='ltr'><strong>M.</strong></span> <span class='ocrx_word' id='word_1_15' title='bbox 399 566 471 635; x_wconf 92' lang='grc'><strong>470,</strong></span> <span class='ocrx_word' id='word_1_16' title='bbox 495 565 555 624; x_wconf 86' lang='grc'><strong>186</strong></span> <span class='ocrx_word' id='word_1_17' title='bbox 578 565 619 624; x_wconf 90' lang='lat' dir='ltr'><strong>ad</strong></span> <span class='ocrx_word' id='word_1_18' title='bbox 640 566 769 641; x_wconf 87' lang='lat' dir='ltr'><strong>primam</strong></span> <span class='ocrx_word' id='word_1_19' title='bbox 790 566 874 623; x_wconf 88' lang='lat' dir='ltr'><strong>vocis</strong></span> <span class='ocrx_word' id='word_1_20' title='bbox 900 559 1069 641; x_wconf 89' lang='grc' dir='ltr'>ἰλλόμενος</span> <span class='ocrx_word' id='word_1_21' title='bbox 1093 564 1226 640; x_wconf 87' lang='lat' dir='ltr'><strong>explica-</strong></span> 
     </span>
     <span class='ocr_line' id='line_1_4' title="bbox 76 666 1225 745; baseline 0.002 -23"><span class='ocrx_word' id='word_1_22' title='bbox 76 666 192 724; x_wconf 87' lang='lat' dir='ltr'><strong>tionem</strong></span> <span class='ocrx_word' id='word_1_23' title='bbox 215 666 338 725; x_wconf 83' lang='lat' dir='ltr'>aliunde</span> <span class='ocrx_word' id='word_1_24' title='bbox 369 677 522 744; x_wconf 84' lang='lat' dir='ltr'>sumptam</span> <span class='ocrx_word' id='word_1_25' title='bbox 555 669 677 728; x_wconf 87' lang='lat' dir='ltr'><strong>adiecta</strong></span> <span class='ocrx_word' id='word_1_26' title='bbox 700 677 747 727; x_wconf 88' lang='lat' dir='ltr'><strong>est</strong></span> <span class='ocrx_word' id='word_1_27' title='bbox 768 669 829 726; x_wconf 88' lang='lat' dir='ltr'><strong>alia</strong></span> <span class='ocrx_word' id='word_1_28' title='bbox 851 667 1040 744; x_wconf 84' lang='lat' dir='ltr'><strong>significatio,</strong></span> <span class='ocrx_word' id='word_1_29' title='bbox 1072 684 1153 745; x_wconf 88' lang='lat' dir='ltr'><strong>quae</strong></span> <span class='ocrx_word' id='word_1_30' title='bbox 1187 685 1225 724; x_wconf 87' lang='lat' dir='ltr'><strong>ex</strong></span> 
     </span>
     <span class='ocr_line' id='line_1_5' title="bbox 75 765 1226 844; baseline 0.003 -20"><span class='ocrx_word' id='word_1_31' title='bbox 75 767 241 842; x_wconf 86' lang='lat' dir='ltr'><strong>Apollonio</strong></span> <span class='ocrx_word' id='word_1_32' title='bbox 264 765 380 844; x_wconf 82' lang='lat'><em>(1128)</em></span> <span class='ocrx_word' id='word_1_33' title='bbox 414 769 561 844; x_wconf 92' lang='lat' dir='ltr'><strong>probatur</strong></span> <span class='ocrx_word' id='word_1_34' title='bbox 593 789 657 828; x_wconf 87' lang='lat' dir='ltr'><strong>non</strong></span> <span class='ocrx_word' id='word_1_35' title='bbox 679 773 793 829; x_wconf 88' lang='lat' dir='ltr'><strong>omisso</strong></span> <span class='ocrx_word' id='word_1_36' title='bbox 813 770 931 828; x_wconf 87' lang='lat' dir='ltr'><strong>scholio</strong></span> <span class='ocrx_word' id='word_1_37' title='bbox 957 770 988 827; x_wconf 90' lang='lat' dir='ltr'><strong>in</strong></span> <span class='ocrx_word' id='word_1_38' title='bbox 1009 769 1092 827; x_wconf 91' lang='lat' dir='ltr'><strong>hunc</strong></span> <span class='ocrx_word' id='word_1_39' title='bbox 1114 769 1226 828; x_wconf 90' lang='lat' dir='ltr'><strong>locum.</strong></span> 
     </span>
     <span class='ocr_line' id='line_1_6' title="bbox 74 867 1224 948; baseline 0.004 -22"><span class='ocrx_word' id='word_1_40' title='bbox 74 869 171 944; x_wconf 86' lang='lat' dir='ltr'>Apud</span> <span class='ocrx_word' id='word_1_41' title='bbox 191 867 266 930; x_wconf 94' lang='lat' dir='ltr'><strong>Mill.</strong></span> <span class='ocrx_word' id='word_1_42' title='bbox 294 871 404 946; x_wconf 87' lang='grc' dir='ltr'><strong>ρ.204</strong></span> <span class='ocrx_word' id='word_1_43' title='bbox 438 872 518 930; x_wconf 85' lang='lat' dir='ltr'><strong>vocis</strong></span> <span class='ocrx_word' id='word_1_44' title='bbox 543 867 694 933; x_wconf 84' lang='grc' dir='ltr'>λενκανία</span> <span class='ocrx_word' id='word_1_45' title='bbox 722 871 934 930; x_wconf 88' lang='lat' dir='ltr'><strong>testimonium</strong></span> <span class='ocrx_word' id='word_1_46' title='bbox 968 871 1081 948; x_wconf 89' lang='lat' dir='ltr'><strong>petitur</strong></span> <span class='ocrx_word' id='word_1_47' title='bbox 1108 887 1147 928; x_wconf 85' lang='lat' dir='ltr'><strong>ex</strong></span> <span class='ocrx_word' id='word_1_48' title='bbox 1167 871 1224 945; x_wconf 92' lang='lat' dir='ltr'><strong>Ap.</strong></span> 
     </span>
     <span class='ocr_line' id='line_1_7' title="bbox 73 969 1223 1049; baseline -0.001 -21"><span class='ocrx_word' id='word_1_49' title='bbox 73 969 104 1028; x_wconf 95' lang='grc' dir='ltr'><strong>ΙΙ</strong></span> <span class='ocrx_word' id='word_1_50' title='bbox 129 973 188 1031; x_wconf 90' lang='grc'><strong>192</strong></span> <span class='ocrx_word' id='word_1_51' title='bbox 212 971 336 1030; x_wconf 85' lang='lat' dir='ltr'><strong>adiecta</strong></span> <span class='ocrx_word' id='word_1_52' title='bbox 360 970 467 1030; x_wconf 90' lang='lat' dir='ltr'><strong>scholii</strong></span> <span class='ocrx_word' id='word_1_53' title='bbox 488 973 750 1049; x_wconf 82' lang='lat' dir='ltr'><strong>interpretatione,</strong></span> <span class='ocrx_word' id='word_1_54' title='bbox 777 974 891 1032; x_wconf 87' lang='lat' dir='ltr'><strong>deinde</strong></span> <span class='ocrx_word' id='word_1_55' title='bbox 914 971 1080 1049; x_wconf 87' lang='lat' dir='ltr'><strong>veriloquia</strong></span> <span class='ocrx_word' id='word_1_56' title='bbox 1094 972 1223 1031; x_wconf 84' lang='lat' dir='ltr'><strong>&#39;addun·</strong></span> 
     </span>
     <span class='ocr_line' id='line_1_8' title="bbox 75 1071 1224 1150; baseline 0.002 -22"><span class='ocrx_word' id='word_1_57' title='bbox 75 1081 126 1129; x_wconf 85' lang='lat' dir='ltr'><strong>tur</strong></span> <span class='ocrx_word' id='word_1_58' title='bbox 146 1073 211 1130; x_wconf 87' lang='lat' dir='ltr'><strong>aliis</strong></span> <span class='ocrx_word' id='word_1_59' title='bbox 232 1091 270 1130; x_wconf 87' lang='lat' dir='ltr'><strong>ex</strong></span> <span class='ocrx_word' id='word_1_60' title='bbox 293 1071 427 1131; x_wconf 83' lang='lat' dir='ltr'><strong>lontibus</strong></span> <span class='ocrx_word' id='word_1_61' title='bbox 448 1074 567 1134; x_wconf 89' lang='lat' dir='ltr'><strong>hausta.</strong></span> <span class='ocrx_word' id='word_1_62' title='bbox 612 1073 652 1132; x_wconf 91' lang='lat' dir='ltr'><strong>Et</strong></span> <span class='ocrx_word' id='word_1_63' title='bbox 672 1093 713 1132; x_wconf 89' lang='lat' dir='ltr'><strong>ne</strong></span> <span class='ocrx_word' id='word_1_64' title='bbox 735 1075 944 1133; x_wconf 84' lang='lat' dir='ltr'><strong>testimonium</strong></span> <span class='ocrx_word' id='word_1_65' title='bbox 964 1074 1089 1150; x_wconf 90' lang='lat' dir='ltr'><strong>quidem</strong></span> <span class='ocrx_word' id='word_1_66' title='bbox 1111 1074 1142 1131; x_wconf 89' lang='lat' dir='ltr'><strong>in</strong></span> <span class='ocrx_word' id='word_1_67' title='bbox 1164 1072 1224 1130; x_wconf 89' lang='lat' dir='ltr'><strong>fine</strong></span> 
     </span>
     <span class='ocr_line' id='line_1_9' title="bbox 76 1168 1224 1252; baseline 0.001 -20"><span class='ocrx_word' id='word_1_68' title='bbox 76 1173 233 1234; x_wconf 85' lang='lat' dir='ltr'><strong>additum:</strong></span> <span class='ocrx_word' id='word_1_69' title='bbox 271 1169 377 1249; x_wconf 88' lang='grc' dir='ltr'>οὕτως</span> <span class='ocrx_word' id='word_1_70' title='bbox 400 1168 497 1249; x_wconf 86' lang='grc' dir='ltr'>εύρον</span> <span class='ocrx_word' id='word_1_71' title='bbox 518 1171 563 1251; x_wconf 88' lang='grc' dir='ltr'><strong>εἰς</strong></span> <span class='ocrx_word' id='word_1_72' title='bbox 594 1174 634 1244; x_wconf 86' lang='grc' dir='ltr'><strong>τὸ</strong></span> <span class='ocrx_word' id='word_1_73' title='bbox 660 1170 890 1252; x_wconf 86' lang='grc' dir='ltr'>Ἀργοναυτικὸι</span> <span class='ocrx_word' id='word_1_74' title='bbox 924 1174 983 1235; x_wconf 87' lang='grc' dir='ltr'><strong>τοῦ</strong></span> <span class='ocrx_word' id='word_1_75' title='bbox 1004 1170 1224 1236; x_wconf 79' lang='grc' dir='ltr'>Ἀπολλωνίου</span> 
     </span>
     <span class='ocr_line' id='line_1_10' title="bbox 76 1275 1224 1352; baseline 0.003 -20"><span class='ocrx_word' id='word_1_76' title='bbox 76 1275 145 1332; x_wconf 91' lang='lat' dir='ltr'><strong>sine</strong></span> <span class='ocrx_word' id='word_1_77' title='bbox 169 1275 360 1334; x_wconf 86' lang='lat' dir='ltr'><strong>dubitatione</strong></span> <span class='ocrx_word' id='word_1_78' title='bbox 384 1277 597 1352; x_wconf 89' lang='lat' dir='ltr'><strong>accipiendum</strong></span> <span class='ocrx_word' id='word_1_79' title='bbox 630 1295 698 1336; x_wconf 87' lang='lat' dir='ltr'><strong>esse</strong></span> <span class='ocrx_word' id='word_1_80' title='bbox 728 1279 954 1348; x_wconf 81' lang='lat' dir='ltr'><strong>demonstratur</strong></span> <span class='ocrx_word' id='word_1_81' title='bbox 974 1277 1022 1336; x_wconf 92' lang='lat' dir='ltr'><strong>Et.</strong></span> <span class='ocrx_word' id='word_1_82' title='bbox 1045 1277 1088 1336; x_wconf 89' lang='lat' dir='ltr'><strong>M.</strong></span> <span class='ocrx_word' id='word_1_83' title='bbox 1113 1278 1162 1348; x_wconf 83' lang='grc'><strong>42,</strong></span> <span class='ocrx_word' id='word_1_84' title='bbox 1184 1278 1224 1336; x_wconf 87' lang='grc'><strong>46</strong></span> 
     </span>
     <span class='ocr_line' id='line_1_11' title="bbox 75 1371 1222 1456; baseline 0.009 -24"><span class='ocrx_word' id='word_1_85' title='bbox 75 1396 105 1436; x_wconf 87' lang='lat' dir='ltr'><strong>v.</strong></span> <span class='ocrx_word' id='word_1_86' title='bbox 117 1371 220 1451; x_wconf 86' lang='grc' dir='ltr'>ἄικάς,</span> <span class='ocrx_word' id='word_1_87' title='bbox 243 1378 293 1435; x_wconf 90' lang='lat' dir='ltr'><strong>ubi</strong></span> <span class='ocrx_word' id='word_1_88' title='bbox 316 1378 375 1437; x_wconf 90' lang='lat' dir='ltr'><strong>sic:</strong></span> <span class='ocrx_word' id='word_1_89' title='bbox 399 1372 549 1456; x_wconf 76' lang='grc' dir='ltr'>,Ὠκείας</span> <span class='ocrx_word' id='word_1_90' title='bbox 572 1373 701 1453; x_wconf 87' lang='grc' dir='ltr'>ἀνέμων</span> <span class='ocrx_word' id='word_1_91' title='bbox 723 1373 836 1453; x_wconf 82' lang='grc' dir='ltr'>ἀικάς“</span> <span class='ocrx_word' id='word_1_92' title='bbox 851 1374 921 1455; x_wconf 88' lang='lat' dir='ltr'><strong>(Ap.</strong></span> <span class='ocrx_word' id='word_1_93' title='bbox 935 1377 979 1435; x_wconf 91' lang='lat' dir='ltr'><strong>IV</strong></span> <span class='ocrx_word' id='word_1_94' title='bbox 991 1377 1076 1455; x_wconf 86' lang='grc'><strong>820).</strong></span> <span class='ocrx_word' id='word_1_95' title='bbox 1099 1373 1222 1452; x_wconf 82' lang='grc' dir='ltr'>Πνοάς,</span> 
     </span>
     <span class='ocr_line' id='line_1_12' title="bbox 75 1468 1224 1557; baseline 0.002 -20"><span class='ocrx_word' id='word_1_96' title='bbox 75 1473 259 1553; x_wconf 82' lang='grc' dir='ltr'>ἀναφορᾶς.</span> <span class='ocrx_word' id='word_1_97' title='bbox 298 1468 383 1539; x_wconf 86' lang='grc' dir='ltr'><strong>Ἀπὸ</strong></span> <span class='ocrx_word' id='word_1_98' title='bbox 405 1479 464 1539; x_wconf 84' lang='grc' dir='ltr'><strong>τοῦ</strong></span> <span class='ocrx_word' id='word_1_99' title='bbox 484 1474 592 1540; x_wconf 86' lang='grc' dir='ltr'>ἀίσσω</span> <span class='ocrx_word' id='word_1_100' title='bbox 615 1475 765 1557; x_wconf 83' lang='grc' dir='ltr'>ῥήματος.</span> <span class='ocrx_word' id='word_1_101' title='bbox 824 1477 870 1540; x_wconf 91' lang='grc' dir='ltr'><strong>Ῐὸ</strong></span> <span class='ocrx_word' id='word_1_102' title='bbox 897 1471 934 1541; x_wconf 75' lang='grc' dir='ltr'><strong>δὲ</strong></span> <span class='ocrx_word' id='word_1_103' title='bbox 957 1474 1051 1556; x_wconf 89' lang='grc' dir='ltr'>ἀικὰς</span> <span class='ocrx_word' id='word_1_104' title='bbox 1073 1475 1124 1539; x_wconf 87' lang='grc' dir='ltr'>καὶ</span> <span class='ocrx_word' id='word_1_105' title='bbox 1145 1493 1224 1554; x_wconf 91' lang='grc' dir='ltr'>προ-</span> 
     </span>
     <span class='ocr_line' id='line_1_13' title="bbox 74 1574 1222 1659; baseline -0.001 -19"><span class='ocrx_word' id='word_1_106' title='bbox 74 1575 290 1654; x_wconf 81' lang='grc' dir='ltr'>παροξύνεται</span> <span class='ocrx_word' id='word_1_107' title='bbox 311 1577 364 1640; x_wconf 86' lang='grc' dir='ltr'>καὶ</span> <span class='ocrx_word' id='word_1_108' title='bbox 387 1576 543 1644; x_wconf 83' lang='grc' dir='ltr'>ὀξύνεται.</span> <span class='ocrx_word' id='word_1_109' title='bbox 586 1577 670 1644; x_wconf 86' lang='grc' dir='ltr'><strong>Ἀπὸ</strong></span> <span class='ocrx_word' id='word_1_110' title='bbox 693 1579 751 1657; x_wconf 82' lang='grc' dir='ltr'><strong>μὲν</strong></span> <span class='ocrx_word' id='word_1_111' title='bbox 772 1582 830 1648; x_wconf 80' lang='grc' dir='ltr'><strong>τοῦ</strong></span> <span class='ocrx_word' id='word_1_112' title='bbox 854 1577 925 1656; x_wconf 88' lang='grc' dir='ltr'>ἀικὴ</span> <span class='ocrx_word' id='word_1_113' title='bbox 949 1578 1107 1659; x_wconf 86' lang='grc' dir='ltr'>ὀξύνεται,</span> <span class='ocrx_word' id='word_1_114' title='bbox 1129 1574 1222 1655; x_wconf 87' lang='grc' dir='ltr'>ἄικὰς</span> 
     </span>
     <span class='ocr_line' id='line_1_14' title="bbox 75 1676 1222 1760; baseline 0.002 -20"><span class='ocrx_word' id='word_1_115' title='bbox 75 1676 244 1755; x_wconf 86' lang='grc' dir='ltr'>ὀξύτονον,</span> <span class='ocrx_word' id='word_1_116' title='bbox 265 1679 309 1757; x_wconf 85' lang='grc' dir='ltr'><strong>ὼς</strong></span> <span class='ocrx_word' id='word_1_117' title='bbox 332 1678 419 1760; x_wconf 85' lang='grc' dir='ltr'>ἰωκή,</span> <span class='ocrx_word' id='word_1_118' title='bbox 444 1678 555 1758; x_wconf 86' lang='grc' dir='ltr'>ἰωκάς·</span> <span class='ocrx_word' id='word_1_119' title='bbox 581 1678 646 1744; x_wconf 89' lang='grc' dir='ltr'><strong>ἀπὸ</strong></span> <span class='ocrx_word' id='word_1_120' title='bbox 668 1682 705 1744; x_wconf 83' lang='grc' dir='ltr'><strong>δὲ</strong></span> <span class='ocrx_word' id='word_1_121' title='bbox 727 1683 785 1744; x_wconf 84' lang='grc' dir='ltr'>τοίι</span> <span class='ocrx_word' id='word_1_122' title='bbox 807 1678 856 1747; x_wconf 86' lang='grc' dir='ltr'>ἄιξ</span> <span class='ocrx_word' id='word_1_123' title='bbox 879 1678 973 1760; x_wconf 82' lang='grc' dir='ltr'>ἄικας</span> <span class='ocrx_word' id='word_1_124' title='bbox 999 1677 1067 1760; x_wconf 88' lang='grc' dir='ltr'>[καὶ</span> <span class='ocrx_word' id='word_1_125' title='bbox 1081 1698 1222 1758; x_wconf 90' lang='grc' dir='ltr'>προπαρ·</span> 
     </span>
     <span class='ocr_line' id='line_1_15' title="bbox 76 1779 1223 1866; baseline 0.002 -23"><span class='ocrx_word' id='word_1_126' title='bbox 76 1780 247 1856; x_wconf 84' lang='grc' dir='ltr'>οξύνεται].</span> <span class='ocrx_word' id='word_1_127' title='bbox 306 1779 413 1860; x_wconf 91' lang='grc' dir='ltr'>Ἀικες</span> <span class='ocrx_word' id='word_1_128' title='bbox 436 1783 471 1846; x_wconf 85' lang='grc' dir='ltr'><strong>δὲ</strong></span> <span class='ocrx_word' id='word_1_129' title='bbox 493 1781 525 1845; x_wconf 82' lang='grc' dir='ltr'><strong>αἱ</strong></span> <span class='ocrx_word' id='word_1_130' title='bbox 552 1782 588 1847; x_wconf 82' lang='grc' dir='ltr'><strong>ἐν</strong></span> <span class='ocrx_word' id='word_1_131' title='bbox 620 1787 665 1866; x_wconf 86' lang='grc' dir='ltr'><strong>τῷ</strong></span> <span class='ocrx_word' id='word_1_132' title='bbox 699 1783 831 1866; x_wconf 83' lang='grc' dir='ltr'>πολέμῳ</span> <span class='ocrx_word' id='word_1_133' title='bbox 860 1782 981 1862; x_wconf 89' lang='grc' dir='ltr'>κλίσεις</span> <span class='ocrx_word' id='word_1_134' title='bbox 1003 1780 1056 1862; x_wconf 82' lang='grc' dir='ltr'><strong>ἐφ’</strong></span> <span class='ocrx_word' id='word_1_135' title='bbox 1078 1780 1223 1860; x_wconf 86' lang='grc' dir='ltr'>ἑκάτερα.</span> 
     </span>
     <span class='ocr_line' id='line_1_16' title="bbox 72 1880 1225 1964; baseline 0.003 -20"><span class='ocrx_word' id='word_1_136' title='bbox 72 1880 296 1962; x_wconf 86' lang='grc' dir='ltr'>Ἀπολλώνιος</span> <span class='ocrx_word' id='word_1_137' title='bbox 331 1884 368 1947; x_wconf 80' lang='grc' dir='ltr'><strong>δὲ</strong></span> <span class='ocrx_word' id='word_1_138' title='bbox 401 1882 460 1961; x_wconf 87' lang='grc' dir='ltr'><strong>τὰς</strong></span> <span class='ocrx_word' id='word_1_139' title='bbox 497 1881 598 1962; x_wconf 80' lang='grc' dir='ltr'>αὐτὰς</span> <span class='ocrx_word' id='word_1_140' title='bbox 628 1883 795 1961; x_wconf 87' lang='grc' dir='ltr'>ἐπιπνοίας</span> <span class='ocrx_word' id='word_1_141' title='bbox 827 1886 893 1949; x_wconf 90' lang='grc' dir='ltr'>τιίιν</span> <span class='ocrx_word' id='word_1_142' title='bbox 926 1882 1063 1964; x_wconf 86' lang='grc' dir='ltr'>ἀνέμων.</span> <span class='ocrx_word' id='word_1_143' title='bbox 1111 1882 1225 1961; x_wconf 88' lang='grc' dir='ltr'>Οὕτως</span> 
     </span>
     <span class='ocr_line' id='line_1_17' title="bbox 77 1982 1225 2065; baseline -0.002 -17"><span class='ocrx_word' id='word_1_144' title='bbox 77 1982 178 2062; x_wconf 83' lang='grc' dir='ltr'>εὖρον</span> <span class='ocrx_word' id='word_1_145' title='bbox 199 1983 246 2062; x_wconf 89' lang='grc' dir='ltr'><strong>εἰς</strong></span> <span class='ocrx_word' id='word_1_146' title='bbox 268 1986 308 2049; x_wconf 88' lang='grc' dir='ltr'><strong>τὰ</strong></span> <span class='ocrx_word' id='word_1_147' title='bbox 329 1983 560 2063; x_wconf 86' lang='grc' dir='ltr'>Ἀργοναυτικὸι</span> <span class='ocrx_word' id='word_1_148' title='bbox 578 1984 807 2051; x_wconf 90' lang='grc' dir='ltr'>Ἀπολλωνίου.</span> <span class='ocrx_word' id='word_1_149' title='bbox 843 1988 951 2052; x_wconf 88' lang='lat' dir='ltr'><strong>Statim</strong></span> <span class='ocrx_word' id='word_1_150' title='bbox 973 1989 1107 2048; x_wconf 85' lang='lat' dir='ltr'><strong>movebit</strong></span> <span class='ocrx_word' id='word_1_151' title='bbox 1129 1989 1225 2065; x_wconf 89' lang='lat' dir='ltr'><strong>suspi-</strong></span> 
     </span>
     <span class='ocr_line' id='line_1_18' title="bbox 79 2088 1227 2164; baseline 0.002 -18"><span class='ocrx_word' id='word_1_152' title='bbox 79 2088 200 2146; x_wconf 87' lang='lat' dir='ltr'><strong>cionem</strong></span> <span class='ocrx_word' id='word_1_153' title='bbox 220 2088 258 2164; x_wconf 83' lang='lat' dir='ltr'><strong>ei,</strong></span> <span class='ocrx_word' id='word_1_154' title='bbox 282 2089 331 2164; x_wconf 90' lang='lat' dir='ltr'><strong>qui</strong></span> <span class='ocrx_word' id='word_1_155' title='bbox 354 2089 468 2147; x_wconf 88' lang='lat' dir='ltr'><strong>scholia</strong></span> <span class='ocrx_word' id='word_1_156' title='bbox 490 2089 698 2164; x_wconf 86' lang='lat' dir='ltr'><strong>Apolloniana</strong></span> <span class='ocrx_word' id='word_1_157' title='bbox 720 2089 891 2149; x_wconf 85' lang='lat' dir='ltr'><strong>accuratius</strong></span> <span class='ocrx_word' id='word_1_158' title='bbox 913 2091 1008 2159; x_wconf 79' lang='lat' dir='ltr'><strong>novit,</strong></span> <span class='ocrx_word' id='word_1_159' title='bbox 1040 2092 1090 2150; x_wconf 88' lang='lat' dir='ltr'><strong>illa</strong></span> <span class='ocrx_word' id='word_1_160' title='bbox 1112 2092 1152 2149; x_wconf 87' lang='lat' dir='ltr'><strong>de</strong></span> <span class='ocrx_word' id='word_1_161' title='bbox 1174 2109 1227 2149; x_wconf 91' lang='lat' dir='ltr'><strong>ac·</strong></span> 
     </span>
     <span class='ocr_line' id='line_1_19' title="bbox 80 2185 1223 2266; baseline 0 -18"><span class='ocrx_word' id='word_1_162' title='bbox 80 2197 173 2248; x_wconf 88' lang='lat' dir='ltr'><strong>centu</strong></span> <span class='ocrx_word' id='word_1_163' title='bbox 197 2191 361 2248; x_wconf 88' lang='lat' dir='ltr'><strong>accusativi</strong></span> <span class='ocrx_word' id='word_1_164' title='bbox 382 2185 475 2265; x_wconf 84' lang='grc' dir='ltr'>ἄικας</span> <span class='ocrx_word' id='word_1_165' title='bbox 496 2192 673 2266; x_wconf 86' lang='lat' dir='ltr'><strong>adnotatio;</strong></span> <span class='ocrx_word' id='word_1_166' title='bbox 696 2199 728 2249; x_wconf 90' lang='lat' dir='ltr'><strong>et</strong></span> <span class='ocrx_word' id='word_1_167' title='bbox 748 2192 861 2266; x_wconf 88' lang='lat' dir='ltr'><strong>optime</strong></span> <span class='ocrx_word' id='word_1_168' title='bbox 884 2191 1028 2249; x_wconf 90' lang='lat' dir='ltr'><strong>hocloco</strong></span> <span class='ocrx_word' id='word_1_169' title='bbox 1044 2190 1165 2259; x_wconf 89' lang='lat' dir='ltr'><strong>accidit,</strong></span> <span class='ocrx_word' id='word_1_170' title='bbox 1189 2200 1223 2248; x_wconf 92' lang='lat' dir='ltr'><strong>ut</strong></span> 
     </span>
     <span class='ocr_line' id='line_1_20' title="bbox 80 2290 1222 2369; baseline -0.002 -20"><span class='ocrx_word' id='word_1_171' title='bbox 80 2293 170 2350; x_wconf 88' lang='lat' dir='ltr'><strong>nobis</strong></span> <span class='ocrx_word' id='word_1_172' title='bbox 194 2293 285 2351; x_wconf 88' lang='lat' dir='ltr'><strong>liceat</strong></span> <span class='ocrx_word' id='word_1_173' title='bbox 307 2292 528 2350; x_wconf 86' lang='lat' dir='ltr'><strong>observationis</strong></span> <span class='ocrx_word' id='word_1_174' title='bbox 559 2291 676 2350; x_wconf 88' lang='lat' dir='ltr'><strong>fontem</strong></span> <span class='ocrx_word' id='word_1_175' title='bbox 699 2294 877 2367; x_wconf 88' lang='lat' dir='ltr'><strong>ostendere;</strong></span> <span class='ocrx_word' id='word_1_176' title='bbox 914 2301 1084 2369; x_wconf 90' lang='lat' dir='ltr'><strong>sequuntur</strong></span> <span class='ocrx_word' id='word_1_177' title='bbox 1119 2293 1150 2348; x_wconf 91' lang='lat' dir='ltr'><strong>in</strong></span> <span class='ocrx_word' id='word_1_178' title='bbox 1173 2290 1222 2348; x_wconf 86' lang='lat' dir='ltr'><strong>Et.</strong></span> 
     </span>
     <span class='ocr_line' id='line_1_21' title="bbox 78 2388 1222 2471; baseline -0.003 -19"><span class='ocrx_word' id='word_1_179' title='bbox 78 2394 122 2454; x_wconf 89' lang='lat' dir='ltr'><strong>M.</strong></span> <span class='ocrx_word' id='word_1_180' title='bbox 145 2403 217 2471; x_wconf 88' lang='lat' dir='ltr'><strong>post</strong></span> <span class='ocrx_word' id='word_1_181' title='bbox 238 2395 331 2454; x_wconf 86' lang='lat' dir='ltr'><strong>verba</strong></span> <span class='ocrx_word' id='word_1_182' title='bbox 354 2389 460 2470; x_wconf 87' lang='grc' dir='ltr'>οὕτως</span> <span class='ocrx_word' id='word_1_183' title='bbox 487 2388 584 2470; x_wconf 85' lang='grc' dir='ltr'>εὖρον</span> <span class='ocrx_word' id='word_1_184' title='bbox 607 2392 672 2454; x_wconf 90' lang='grc' dir='ltr'>κτλ.</span> <span class='ocrx_word' id='word_1_185' title='bbox 709 2411 810 2453; x_wconf 85' lang='lat' dir='ltr'><strong>versus</strong></span> <span class='ocrx_word' id='word_1_186' title='bbox 831 2395 865 2454; x_wconf 92' lang='lat' dir='ltr'><strong>Il.</strong></span> <span class='ocrx_word' id='word_1_187' title='bbox 890 2393 917 2452; x_wconf 95' lang='grc' dir='ltr'>Ο</span> <span class='ocrx_word' id='word_1_188' title='bbox 942 2396 1001 2456; x_wconf 92' lang='grc'><strong>708</strong></span> <span class='ocrx_word' id='word_1_189' title='bbox 1024 2403 1056 2452; x_wconf 89' lang='lat' dir='ltr'><strong>et</strong></span> <span class='ocrx_word' id='word_1_190' title='bbox 1078 2395 1149 2463; x_wconf 89' lang='grc'><strong>709,</strong></span> <span class='ocrx_word' id='word_1_191' title='bbox 1180 2394 1222 2451; x_wconf 88' lang='lat' dir='ltr'><strong>ad</strong></span> 
     </span>
     <span class='ocr_line' id='line_1_22' title="bbox 79 2493 1224 2573; baseline 0 -21"><span class='ocrx_word' id='word_1_192' title='bbox 79 2512 158 2573; x_wconf 90' lang='lat' dir='ltr'><strong>quos</strong></span> <span class='ocrx_word' id='word_1_193' title='bbox 189 2496 214 2553; x_wconf 88' lang='lat' dir='ltr'><strong>si</strong></span> <span class='ocrx_word' id='word_1_194' title='bbox 237 2495 375 2554; x_wconf 88' lang='lat' dir='ltr'><strong>conferes</strong></span> <span class='ocrx_word' id='word_1_195' title='bbox 404 2493 542 2553; x_wconf 87' lang='lat' dir='ltr'><strong>scholion</strong></span> <span class='ocrx_word' id='word_1_196' title='bbox 563 2495 643 2554; x_wconf 90' lang='lat' dir='ltr'><strong>Ven.</strong></span> <span class='ocrx_word' id='word_1_197' title='bbox 666 2496 703 2566; x_wconf 90' lang='lat' dir='ltr'><strong>A,</strong></span> <span class='ocrx_word' id='word_1_198' title='bbox 737 2496 873 2555; x_wconf 87' lang='lat' dir='ltr'><strong>invenies</strong></span> <span class='ocrx_word' id='word_1_199' title='bbox 901 2495 1115 2554; x_wconf 91' lang='lat' dir='ltr'><strong>Herodianum</strong></span> <span class='ocrx_word' id='word_1_200' title='bbox 1145 2495 1224 2553; x_wconf 88' lang='lat' dir='ltr'><strong>haec</strong></span> 
     </span>
     <span class='ocr_line' id='line_1_23' title="bbox 76 2590 1223 2672; baseline -0.003 -16"><span class='ocrx_word' id='word_1_201' title='bbox 76 2600 120 2656; x_wconf 91' lang='lat' dir='ltr'><strong>de</strong></span> <span class='ocrx_word' id='word_1_202' title='bbox 142 2605 273 2656; x_wconf 87' lang='lat' dir='ltr'><strong>accentu</strong></span> <span class='ocrx_word' id='word_1_203' title='bbox 296 2597 380 2654; x_wconf 89' lang='lat' dir='ltr'><strong>vocis</strong></span> <span class='ocrx_word' id='word_1_204' title='bbox 403 2590 496 2670; x_wconf 88' lang='grc' dir='ltr'>ἄικας</span> <span class='ocrx_word' id='word_1_205' title='bbox 529 2596 742 2672; x_wconf 82' lang='lat' dir='ltr'><strong>explicantem,</strong></span> <span class='ocrx_word' id='word_1_206' title='bbox 777 2613 838 2672; x_wconf 93' lang='lat' dir='ltr'><strong>quo</strong></span> <span class='ocrx_word' id='word_1_207' title='bbox 861 2603 990 2672; x_wconf 88' lang='lat' dir='ltr'><strong>apparet</strong></span> <span class='ocrx_word' id='word_1_208' title='bbox 1016 2595 1223 2671; x_wconf 86' lang='lat' dir='ltr'><strong>etymologum</strong></span> 
     </span>
     <span class='ocr_line' id='line_1_24' title="bbox 74 2697 1221 2775; baseline 0 -21"><span class='ocrx_word' id='word_1_209' title='bbox 74 2698 109 2756; x_wconf 91' lang='lat' dir='ltr'><strong>in</strong></span> <span class='ocrx_word' id='word_1_210' title='bbox 131 2716 189 2757; x_wconf 87' lang='lat' dir='ltr'><strong>suo</strong></span> <span class='ocrx_word' id='word_1_211' title='bbox 212 2698 321 2756; x_wconf 87' lang='lat' dir='ltr'><strong>codice</strong></span> <span class='ocrx_word' id='word_1_212' title='bbox 352 2698 403 2755; x_wconf 93' lang='lat' dir='ltr'><strong>hic</strong></span> <span class='ocrx_word' id='word_1_213' title='bbox 425 2716 487 2756; x_wconf 93' lang='lat' dir='ltr'><strong>non</strong></span> <span class='ocrx_word' id='word_1_214' title='bbox 509 2698 576 2773; x_wconf 89' lang='lat' dir='ltr'><strong>plus</strong></span> <span class='ocrx_word' id='word_1_215' title='bbox 598 2697 738 2757; x_wconf 88' lang='lat' dir='ltr'><strong>habuisse</strong></span> <span class='ocrx_word' id='word_1_216' title='bbox 772 2716 865 2775; x_wconf 90' lang='lat' dir='ltr'><strong>quam</strong></span> <span class='ocrx_word' id='word_1_217' title='bbox 892 2700 931 2755; x_wconf 87' lang='lat' dir='ltr'><strong>in·</strong></span> <span class='ocrx_word' id='word_1_218' title='bbox 956 2698 1068 2756; x_wconf 89' lang='lat' dir='ltr'><strong>nostris</strong></span> <span class='ocrx_word' id='word_1_219' title='bbox 1100 2697 1221 2756; x_wconf 74' lang='lat' dir='ltr'><strong>seholiIs</strong></span> 
     </span>
     <span class='ocr_line' id='line_1_25' title="bbox 75 2797 1221 2876; baseline -0.001 -19"><span class='ocrx_word' id='word_1_220' title='bbox 75 2807 190 2858; x_wconf 82' lang='lat' dir='ltr'><strong>exstat.</strong></span> <span class='ocrx_word' id='word_1_221' title='bbox 233 2798 320 2856; x_wconf 90' lang='lat' dir='ltr'><strong>Haec</strong></span> <span class='ocrx_word' id='word_1_222' title='bbox 341 2797 493 2857; x_wconf 86' lang='lat' dir='ltr'><strong>sufficiant</strong></span> <span class='ocrx_word' id='word_1_223' title='bbox 516 2799 670 2874; x_wconf 88' lang='lat' dir='ltr'><strong>exempla;</strong></span> <span class='ocrx_word' id='word_1_224' title='bbox 705 2807 809 2859; x_wconf 89' lang='lat' dir='ltr'><strong>cetera</strong></span> <span class='ocrx_word' id='word_1_225' title='bbox 843 2800 894 2875; x_wconf 92' lang='lat' dir='ltr'><strong>qui</strong></span> <span class='ocrx_word' id='word_1_226' title='bbox 923 2800 1026 2875; x_wconf 89' lang='lat' dir='ltr'><strong>cupiat</strong></span> <span class='ocrx_word' id='word_1_227' title='bbox 1047 2806 1221 2876; x_wconf 89' lang='lat' dir='ltr'><strong>comparet:</strong></span> 
     </span>
     <span class='ocr_line' id='line_1_26' title="bbox 75 2899 1224 2976; baseline 0.001 -17"><span class='ocrx_word' id='word_1_228' title='bbox 75 2903 127 2960; x_wconf 89' lang='lat' dir='ltr'><strong>Et.</strong></span> <span class='ocrx_word' id='word_1_229' title='bbox 152 2901 193 2958; x_wconf 88' lang='grc' dir='ltr'><strong>Μ.</strong></span> <span class='ocrx_word' id='word_1_230' title='bbox 217 2903 288 2974; x_wconf 92' lang='grc'><strong>760,</strong></span> <span class='ocrx_word' id='word_1_231' title='bbox 312 2903 350 2961; x_wconf 86' lang='grc'><strong>56</strong></span> <span class='ocrx_word' id='word_1_232' title='bbox 369 2920 396 2960; x_wconf 85' lang='grc' dir='ltr'><strong>ιι.</strong></span> <span class='ocrx_word' id='word_1_233' title='bbox 418 2899 515 2976; x_wconf 86' lang='grc' dir='ltr'>τῖφος</span> <span class='ocrx_word' id='word_1_234' title='bbox 538 2909 570 2958; x_wconf 88' lang='lat' dir='ltr'><strong>et</strong></span> <span class='ocrx_word' id='word_1_235' title='bbox 595 2901 689 2960; x_wconf 91' lang='lat' dir='ltr'><strong>schol.</strong></span> <span class='ocrx_word' id='word_1_236' title='bbox 713 2902 771 2976; x_wconf 96' lang='lat' dir='ltr'><strong>Ap.</strong></span> <span class='ocrx_word' id='word_1_237' title='bbox 792 2901 808 2961; x_wconf 92' lang='lat' dir='ltr'>I</span> <span class='ocrx_word' id='word_1_238' title='bbox 830 2903 890 2960; x_wconf 92' lang='grc'><strong>127</strong></span> <span class='ocrx_word' id='word_1_239' title='bbox 913 2909 946 2959; x_wconf 91' lang='lat' dir='ltr'><strong>et</strong></span> <span class='ocrx_word' id='word_1_240' title='bbox 966 2900 995 2961; x_wconf 91' lang='lat'><strong>11</strong></span> <span class='ocrx_word' id='word_1_241' title='bbox 1017 2904 1093 2972; x_wconf 90' lang='grc'><strong>822;</strong></span> <span class='ocrx_word' id='word_1_242' title='bbox 1117 2902 1166 2962; x_wconf 92' lang='lat' dir='ltr'><strong>Et.</strong></span> <span class='ocrx_word' id='word_1_243' title='bbox 1180 2901 1224 2961; x_wconf 89' lang='lat' dir='ltr'><strong>M.</strong></span> 
     </span>
     <span class='ocr_line' id='line_1_27' title="bbox 75 2998 1224 3080; baseline -0.002 -16"><span class='ocrx_word' id='word_1_244' title='bbox 75 3007 149 3080; x_wconf 89' lang='grc'><strong>372,</strong></span> <span class='ocrx_word' id='word_1_245' title='bbox 174 3005 212 3062; x_wconf 88' lang='grc'><strong>28</strong></span> <span class='ocrx_word' id='word_1_246' title='bbox 236 3022 261 3063; x_wconf 90' lang='lat' dir='ltr'><strong>v.</strong></span> <span class='ocrx_word' id='word_1_247' title='bbox 284 2999 399 3078; x_wconf 87' lang='grc' dir='ltr'>ἐρείπω</span> <span class='ocrx_word' id='word_1_248' title='bbox 433 2998 496 3079; x_wconf 82' lang='lat' dir='ltr'><strong>(ubi</strong></span> <span class='ocrx_word' id='word_1_249' title='bbox 516 2999 712 3078; x_wconf 87' lang='grc' dir='ltr'>περιρρήδην</span> <span class='ocrx_word' id='word_1_250' title='bbox 747 3011 779 3060; x_wconf 90' lang='lat' dir='ltr'><strong>et</strong></span> <span class='ocrx_word' id='word_1_251' title='bbox 806 2999 987 3080; x_wconf 85' lang='grc' dir='ltr'>ἐπιρραγείς</span> <span class='ocrx_word' id='word_1_252' title='bbox 1021 3005 1162 3064; x_wconf 89' lang='lat' dir='ltr'><strong>abierunt</strong></span> <span class='ocrx_word' id='word_1_253' title='bbox 1192 3004 1224 3062; x_wconf 88' lang='lat' dir='ltr'><strong>in</strong></span> 
     </span>
     <span class='ocr_line' id='line_1_28' title="bbox 75 3100 1221 3182; baseline -0.002 -16"><span class='ocrx_word' id='word_1_254' title='bbox 75 3100 256 3179; x_wconf 80' lang='grc' dir='ltr'>ἐπιρρήδην</span> <span class='ocrx_word' id='word_1_255' title='bbox 279 3113 311 3162; x_wconf 87' lang='lat' dir='ltr'><strong>et</strong></span> <span class='ocrx_word' id='word_1_256' title='bbox 333 3101 548 3179; x_wconf 88' lang='grc' dir='ltr'>περιρραγείς)</span> <span class='ocrx_word' id='word_1_257' title='bbox 572 3113 603 3161; x_wconf 88' lang='lat' dir='ltr'><strong>et</strong></span> <span class='ocrx_word' id='word_1_258' title='bbox 624 3103 718 3166; x_wconf 88' lang='lat' dir='ltr'><strong>schol.</strong></span> <span class='ocrx_word' id='word_1_259' title='bbox 741 3105 799 3180; x_wconf 92' lang='lat' dir='ltr'><strong>Ap.</strong></span> <span class='ocrx_word' id='word_1_260' title='bbox 824 3104 837 3161; x_wconf 97' lang='lat' dir='ltr'><strong>l</strong></span> <span class='ocrx_word' id='word_1_261' title='bbox 860 3107 934 3182; x_wconf 79' lang='lat'>4313</span> <span class='ocrx_word' id='word_1_262' title='bbox 958 3105 1006 3165; x_wconf 85' lang='lat' dir='ltr'><strong>Et.</strong></span> <span class='ocrx_word' id='word_1_263' title='bbox 1029 3105 1071 3165; x_wconf 91' lang='lat' dir='ltr'><strong>M.</strong></span> <span class='ocrx_word' id='word_1_264' title='bbox 1088 3107 1159 3180; x_wconf 85' lang='grc'><strong>724,</strong></span> <span class='ocrx_word' id='word_1_265' title='bbox 1183 3107 1221 3164; x_wconf 85' lang='grc'><strong>42</strong></span> 
     </span>
     <span class='ocr_line' id='line_1_29' title="bbox 75 3200 1222 3282; baseline 0.002 -18"><span class='ocrx_word' id='word_1_266' title='bbox 75 3226 104 3268; x_wconf 88' lang='grc' dir='ltr'><strong>ν.</strong></span> <span class='ocrx_word' id='word_1_267' title='bbox 128 3201 289 3280; x_wconf 87' lang='grc' dir='ltr'>σταθερὸν</span> <span class='ocrx_word' id='word_1_268' title='bbox 313 3200 398 3281; x_wconf 80' lang='grc' dir='ltr'>ἦμαρ</span> <span class='ocrx_word' id='word_1_269' title='bbox 421 3214 451 3264; x_wconf 90' lang='lat' dir='ltr'><strong>et</strong></span> <span class='ocrx_word' id='word_1_270' title='bbox 473 3205 566 3266; x_wconf 88' lang='lat' dir='ltr'><strong>schol.</strong></span> <span class='ocrx_word' id='word_1_271' title='bbox 588 3207 645 3282; x_wconf 88' lang='lat' dir='ltr'><strong>Ap.</strong></span> <span class='ocrx_word' id='word_1_272' title='bbox 667 3207 680 3264; x_wconf 89' lang='grc' dir='ltr'>Ι</span> <span class='ocrx_word' id='word_1_273' title='bbox 704 3209 783 3279; x_wconf 85' lang='grc'><strong>450;</strong></span> <span class='ocrx_word' id='word_1_274' title='bbox 805 3207 852 3266; x_wconf 82' lang='grc' dir='ltr'>Ει.</span> <span class='ocrx_word' id='word_1_275' title='bbox 876 3206 918 3265; x_wconf 90' lang='lat' dir='ltr'><strong>M.</strong></span> <span class='ocrx_word' id='word_1_276' title='bbox 940 3208 1010 3276; x_wconf 88' lang='grc'><strong>424,</strong></span> <span class='ocrx_word' id='word_1_277' title='bbox 1033 3208 1072 3266; x_wconf 91' lang='grc'><strong>43</strong></span> <span class='ocrx_word' id='word_1_278' title='bbox 1097 3225 1125 3266; x_wconf 93' lang='lat' dir='ltr'><strong>v.</strong></span> <span class='ocrx_word' id='word_1_279' title='bbox 1147 3202 1222 3282; x_wconf 89' lang='grc' dir='ltr'>ήλα-</span> 
     </span>
     <span class='ocr_line' id='line_1_30' title="bbox 75 3301 1218 3392; baseline 0 -26"><span class='ocrx_word' id='word_1_280' title='bbox 75 3301 157 3381; x_wconf 85' lang='grc' dir='ltr'>κύτη</span> <span class='ocrx_word' id='word_1_281' title='bbox 182 3315 215 3363; x_wconf 87' lang='lat' dir='ltr'><strong>et</strong></span> <span class='ocrx_word' id='word_1_282' title='bbox 235 3305 329 3366; x_wconf 89' lang='lat' dir='ltr'><strong>schol.</strong></span> <span class='ocrx_word' id='word_1_283' title='bbox 350 3307 408 3381; x_wconf 92' lang='lat' dir='ltr'><strong>Ap.</strong></span> <span class='ocrx_word' id='word_1_284' title='bbox 429 3307 535 3380; x_wconf 85' lang='lat'>1565;</span> <span class='ocrx_word' id='word_1_285' title='bbox 556 3306 606 3366; x_wconf 86' lang='lat' dir='ltr'><strong>Et.</strong></span> <span class='ocrx_word' id='word_1_286' title='bbox 627 3306 675 3392; x_wconf 86' lang='grc' dir='ltr'><strong>Μ.Ι</strong></span> <span class='ocrx_word' id='word_1_287' title='bbox 695 3309 766 3385; x_wconf 86' lang='grc'><strong>260,</strong></span> <span class='ocrx_word' id='word_1_288' title='bbox 790 3307 829 3366; x_wconf 92' lang='grc'><strong>28</strong></span> <span class='ocrx_word' id='word_1_289' title='bbox 851 3325 877 3368; x_wconf 92' lang='grc' dir='ltr'><strong>ν,</strong></span> <span class='ocrx_word' id='word_1_290' title='bbox 902 3301 1047 3368; x_wconf 83' lang='grc' dir='ltr'>δείκελον</span> <span class='ocrx_word' id='word_1_291' title='bbox 1069 3318 1101 3366; x_wconf 89' lang='lat' dir='ltr'><strong>et</strong></span> <span class='ocrx_word' id='word_1_292' title='bbox 1125 3307 1218 3366; x_wconf 89' lang='lat' dir='ltr'><strong>schol.</strong></span> 
     </span>
     <span class='ocr_line' id='line_1_31' title="bbox 77 3403 1223 3486; baseline 0.003 -20"><span class='ocrx_word' id='word_1_293' title='bbox 77 3411 136 3484; x_wconf 91' lang='lat' dir='ltr'><strong>Ap.</strong></span> <span class='ocrx_word' id='word_1_294' title='bbox 161 3409 177 3467; x_wconf 95' lang='lat' dir='ltr'>I</span> <span class='ocrx_word' id='word_1_295' title='bbox 200 3410 278 3477; x_wconf 87' lang='grc'><strong>746;</strong></span> <span class='ocrx_word' id='word_1_296' title='bbox 313 3409 360 3467; x_wconf 90' lang='lat' dir='ltr'><strong>Et.</strong></span> <span class='ocrx_word' id='word_1_297' title='bbox 381 3408 423 3468; x_wconf 93' lang='lat' dir='ltr'><strong>M.</strong></span> <span class='ocrx_word' id='word_1_298' title='bbox 447 3410 499 3486; x_wconf 86' lang='grc'><strong>89,</strong></span> <span class='ocrx_word' id='word_1_299' title='bbox 521 3409 561 3468; x_wconf 88' lang='grc'><strong>34</strong></span> <span class='ocrx_word' id='word_1_300' title='bbox 594 3427 619 3466; x_wconf 93' lang='lat' dir='ltr'><strong>v.</strong></span> <span class='ocrx_word' id='word_1_301' title='bbox 641 3403 817 3484; x_wconf 85' lang='grc' dir='ltr'>ἀμφίδυμοι</span> <span class='ocrx_word' id='word_1_302' title='bbox 850 3416 881 3466; x_wconf 88' lang='lat' dir='ltr'><strong>et</strong></span> <span class='ocrx_word' id='word_1_303' title='bbox 909 3407 1002 3468; x_wconf 88' lang='lat' dir='ltr'><strong>schol.</strong></span> <span class='ocrx_word' id='word_1_304' title='bbox 1025 3408 1082 3484; x_wconf 93' lang='lat' dir='ltr'><strong>Ap.</strong></span> <span class='ocrx_word' id='word_1_305' title='bbox 1105 3408 1121 3467; x_wconf 91' lang='lat'>1</span> <span class='ocrx_word' id='word_1_306' title='bbox 1146 3411 1223 3484; x_wconf 90' lang='grc'><strong>936;</strong></span> 
     </span>
     <span class='ocr_line' id='line_1_32' title="bbox 76 3505 1237 3586; baseline -0.001 -18"><span class='ocrx_word' id='word_1_307' title='bbox 76 3511 127 3568; x_wconf 89' lang='lat' dir='ltr'><strong>Et.</strong></span> <span class='ocrx_word' id='word_1_308' title='bbox 151 3509 190 3571; x_wconf 93' lang='lat' dir='ltr'><strong>M.</strong></span> <span class='ocrx_word' id='word_1_309' title='bbox 212 3510 284 3578; x_wconf 93' lang='grc'><strong>472,</strong></span> <span class='ocrx_word' id='word_1_310' title='bbox 308 3511 346 3569; x_wconf 93' lang='grc'><strong>26</strong></span> <span class='ocrx_word' id='word_1_311' title='bbox 382 3529 409 3569; x_wconf 94' lang='lat' dir='ltr'><strong>v.</strong></span> <span class='ocrx_word' id='word_1_312' title='bbox 432 3505 545 3585; x_wconf 82' lang='grc' dir='ltr'>ἴουλος</span> <span class='ocrx_word' id='word_1_313' title='bbox 568 3517 599 3567; x_wconf 86' lang='lat' dir='ltr'><strong>et</strong></span> <span class='ocrx_word' id='word_1_314' title='bbox 621 3508 715 3570; x_wconf 90' lang='lat' dir='ltr'><strong>schol.</strong></span> <span class='ocrx_word' id='word_1_315' title='bbox 738 3510 796 3586; x_wconf 93' lang='lat' dir='ltr'><strong>Ap.</strong></span> <span class='ocrx_word' id='word_1_316' title='bbox 820 3510 836 3570; x_wconf 93' lang='lat' dir='ltr'>I</span> <span class='ocrx_word' id='word_1_317' title='bbox 859 3511 919 3570; x_wconf 93' lang='grc'><strong>972</strong></span> <span class='ocrx_word' id='word_1_318' title='bbox 951 3519 983 3567; x_wconf 90' lang='lat' dir='ltr'><strong>et</strong></span> <span class='ocrx_word' id='word_1_319' title='bbox 1011 3510 1118 3582; x_wconf 85' lang='lat'><strong>1143;</strong></span> <span class='ocrx_word' id='word_1_320' title='bbox 1147 3510 1237 3572; x_wconf 86' lang='lat' dir='ltr'><strong>Mill.‘</strong></span> 
     </span>
     <span class='ocr_line' id='line_1_33' title="bbox 75 3605 1218 3689; baseline -0.003 -17"><span class='ocrx_word' id='word_1_321' title='bbox 75 3631 106 3689; x_wconf 91' lang='lat' dir='ltr'><strong>p.</strong></span> <span class='ocrx_word' id='word_1_322' title='bbox 129 3613 168 3672; x_wconf 87' lang='grc'><strong>89</strong></span> <span class='ocrx_word' id='word_1_323' title='bbox 191 3631 219 3668; x_wconf 87' lang='grc' dir='ltr'><strong>ν.</strong></span> <span class='ocrx_word' id='word_1_324' title='bbox 242 3605 407 3685; x_wconf 89' lang='grc' dir='ltr'>Δίνδυμον</span> <span class='ocrx_word' id='word_1_325' title='bbox 439 3607 500 3685; x_wconf 90' lang='lat' dir='ltr'><strong>(Et.</strong></span> <span class='ocrx_word' id='word_1_326' title='bbox 523 3610 566 3671; x_wconf 92' lang='lat' dir='ltr'><strong>M.</strong></span> <span class='ocrx_word' id='word_1_327' title='bbox 589 3612 660 3688; x_wconf 92' lang='grc'><strong>276,</strong></span> <span class='ocrx_word' id='word_1_328' title='bbox 683 3607 736 3688; x_wconf 92' lang='grc'><strong>32)</strong></span> <span class='ocrx_word' id='word_1_329' title='bbox 765 3620 797 3669; x_wconf 91' lang='lat' dir='ltr'><strong>et</strong></span> <span class='ocrx_word' id='word_1_330' title='bbox 823 3611 917 3672; x_wconf 87' lang='lat' dir='ltr'><strong>schol.</strong></span> <span class='ocrx_word' id='word_1_331' title='bbox 940 3612 996 3688; x_wconf 88' lang='lat' dir='ltr'><strong>Ap.</strong></span> <span class='ocrx_word' id='word_1_332' title='bbox 1019 3612 1134 3687; x_wconf 80' lang='lat'><strong>1.985;</strong></span> <span class='ocrx_word' id='word_1_333' title='bbox 1169 3613 1218 3670; x_wconf 88' lang='lat' dir='ltr'><strong>Et.</strong></span> 
     </span>
     <span class='ocr_line' id='line_1_34' title="bbox 76 3707 1215 3791; baseline 0.001 -19"><span class='ocrx_word' id='word_1_334' title='bbox 76 3714 119 3773; x_wconf 92' lang='lat' dir='ltr'><strong>M.</strong></span> <span class='ocrx_word' id='word_1_335' title='bbox 144 3715 214 3787; x_wconf 87' lang='grc'><strong>731,</strong></span> <span class='ocrx_word' id='word_1_336' title='bbox 237 3713 277 3772; x_wconf 85' lang='grc'><strong>45</strong></span> <span class='ocrx_word' id='word_1_337' title='bbox 300 3707 384 3786; x_wconf 89' lang='lat' dir='ltr'><strong>(add.</strong></span> <span class='ocrx_word' id='word_1_338' title='bbox 411 3712 482 3773; x_wconf 92' lang='lat' dir='ltr'><strong>Mill.</strong></span> <span class='ocrx_word' id='word_1_339' title='bbox 504 3731 534 3788; x_wconf 93' lang='lat' dir='ltr'><strong>p.</strong></span> <span class='ocrx_word' id='word_1_340' title='bbox 559 3709 635 3789; x_wconf 87' lang='grc'><strong>273)</strong></span> <span class='ocrx_word' id='word_1_341' title='bbox 656 3732 682 3774; x_wconf 93' lang='lat' dir='ltr'><strong>v.</strong></span> <span class='ocrx_word' id='word_1_342' title='bbox 704 3708 829 3787; x_wconf 85' lang='grc' dir='ltr'>στύπος</span> <span class='ocrx_word' id='word_1_343' title='bbox 853 3722 885 3771; x_wconf 89' lang='lat' dir='ltr'><strong>et</strong></span> <span class='ocrx_word' id='word_1_344' title='bbox 907 3713 1001 3774; x_wconf 91' lang='lat' dir='ltr'><strong>schol.</strong></span> <span class='ocrx_word' id='word_1_345' title='bbox 1024 3715 1082 3791; x_wconf 95' lang='lat' dir='ltr'><strong>Ap.</strong></span> <span class='ocrx_word' id='word_1_346' title='bbox 1096 3714 1215 3782; x_wconf 90' lang='grc' dir='ltr'><strong>Ι1117,</strong></span> 
     </span>
     <span class='ocr_line' id='line_1_35' title="bbox 76 3813 1220 3890; baseline 0.001 -18"><span class='ocrx_word' id='word_1_347' title='bbox 76 3815 130 3872; x_wconf 89' lang='lat' dir='ltr'><strong>ubi</strong></span> <span class='ocrx_word' id='word_1_348' title='bbox 152 3813 325 3872; x_wconf 90' lang='lat' dir='ltr'><strong>Archilochi</strong></span> <span class='ocrx_word' id='word_1_349' title='bbox 358 3832 471 3872; x_wconf 89' lang='lat' dir='ltr'><strong>nomen</strong></span> <span class='ocrx_word' id='word_1_350' title='bbox 503 3823 535 3872; x_wconf 88' lang='lat' dir='ltr'><strong>et</strong></span> <span class='ocrx_word' id='word_1_351' title='bbox 565 3815 769 3890; x_wconf 79' lang='lat' dir='ltr'><strong>fragmentum</strong></span> <span class='ocrx_word' id='word_1_352' title='bbox 800 3815 861 3873; x_wconf 89' lang='lat' dir='ltr'><strong>iam</strong></span> <span class='ocrx_word' id='word_1_353' title='bbox 889 3814 1004 3874; x_wconf 89' lang='lat' dir='ltr'><strong>Keilius</strong></span> <span class='ocrx_word' id='word_1_354' title='bbox 1035 3834 1074 3873; x_wconf 87' lang='lat' dir='ltr'><strong>ex</strong></span> <span class='ocrx_word' id='word_1_355' title='bbox 1105 3815 1153 3874; x_wconf 88' lang='lat' dir='ltr'><strong>Et.</strong></span> <span class='ocrx_word' id='word_1_356' title='bbox 1177 3814 1220 3873; x_wconf 95' lang='lat' dir='ltr'><strong>M.</strong></span> 
     </span>
     <span class='ocr_line' id='line_1_36' title="bbox 78 3910 1221 3993; baseline 0 -19"><span class='ocrx_word' id='word_1_357' title='bbox 78 3915 216 3984; x_wconf 87' lang='lat' dir='ltr'><strong>addidit;</strong></span> <span class='ocrx_word' id='word_1_358' title='bbox 254 3915 302 3975; x_wconf 89' lang='lat' dir='ltr'><strong>Et.</strong></span> <span class='ocrx_word' id='word_1_359' title='bbox 327 3915 369 3993; x_wconf 87' lang='lat' dir='ltr'><strong>M.</strong></span> <span class='ocrx_word' id='word_1_360' title='bbox 394 3917 463 3987; x_wconf 88' lang='grc'><strong>196,</strong></span> <span class='ocrx_word' id='word_1_361' title='bbox 486 3917 524 3973; x_wconf 85' lang='grc'><strong>56</strong></span> <span class='ocrx_word' id='word_1_362' title='bbox 560 3934 586 3977; x_wconf 92' lang='grc' dir='ltr'><strong>ν.</strong></span> <span class='ocrx_word' id='word_1_363' title='bbox 611 3910 813 3992; x_wconf 88' lang='grc' dir='ltr'>βητάρμονες</span> <span class='ocrx_word' id='word_1_364' title='bbox 835 3925 866 3974; x_wconf 88' lang='lat' dir='ltr'><strong>et</strong></span> <span class='ocrx_word' id='word_1_365' title='bbox 889 3915 983 3976; x_wconf 87' lang='lat' dir='ltr'><strong>schol.</strong></span> <span class='ocrx_word' id='word_1_366' title='bbox 1005 3916 1061 3991; x_wconf 94' lang='lat' dir='ltr'><strong>Ap.</strong></span> <span class='ocrx_word' id='word_1_367' title='bbox 1084 3915 1101 3974; x_wconf 94' lang='lat' dir='ltr'>I</span> <span class='ocrx_word' id='word_1_368' title='bbox 1124 3916 1221 3990; x_wconf 84' lang='lat'>1135;</span> 
     </span>
     <span class='ocr_line' id='line_1_37' title="bbox 78 4014 1220 4096; baseline 0.001 -21"><span class='ocrx_word' id='word_1_369' title='bbox 78 4018 125 4078; x_wconf 90' lang='lat' dir='ltr'><strong>Et.</strong></span> <span class='ocrx_word' id='word_1_370' title='bbox 146 4016 188 4076; x_wconf 96' lang='lat' dir='ltr'><strong>M.</strong></span> <span class='ocrx_word' id='word_1_371' title='bbox 212 4017 282 4086; x_wconf 84' lang='lat'>512,</span> <span class='ocrx_word' id='word_1_372' title='bbox 305 4019 344 4077; x_wconf 85' lang='grc'><strong>37</strong></span> <span class='ocrx_word' id='word_1_373' title='bbox 369 4036 394 4077; x_wconf 92' lang='lat' dir='ltr'><strong>v.</strong></span> <span class='ocrx_word' id='word_1_374' title='bbox 419 4014 524 4092; x_wconf 90' lang='grc' dir='ltr'>Κιανίς</span> <span class='ocrx_word' id='word_1_375' title='bbox 546 4025 578 4075; x_wconf 92' lang='lat' dir='ltr'><strong>et</strong></span> <span class='ocrx_word' id='word_1_376' title='bbox 600 4017 695 4078; x_wconf 89' lang='lat' dir='ltr'><strong>schol.</strong></span> <span class='ocrx_word' id='word_1_377' title='bbox 719 4018 777 4094; x_wconf 93' lang='lat' dir='ltr'><strong>Ap.</strong></span> <span class='ocrx_word' id='word_1_378' title='bbox 798 4018 815 4075; x_wconf 95' lang='lat' dir='ltr'>I</span> <span class='ocrx_word' id='word_1_379' title='bbox 838 4020 936 4096; x_wconf 80' lang='lat'><strong>11773</strong></span> <span class='ocrx_word' id='word_1_380' title='bbox 970 4018 1019 4076; x_wconf 91' lang='lat' dir='ltr'><strong>Et.</strong></span> <span class='ocrx_word' id='word_1_381' title='bbox 1042 4015 1085 4076; x_wconf 95' lang='lat' dir='ltr'><strong>M.</strong></span> <span class='ocrx_word' id='word_1_382' title='bbox 1100 4017 1169 4096; x_wconf 82' lang='grc'><strong>705,</strong></span> <span class='ocrx_word' id='word_1_383' title='bbox 1181 4018 1220 4076; x_wconf 85' lang='grc'><strong>23</strong></span> 
     </span>
     <span class='ocr_line' id='line_1_38' title="bbox 77 4112 1221 4195; baseline 0 -17"><span class='ocrx_word' id='word_1_384' title='bbox 77 4116 164 4195; x_wconf 88' lang='lat' dir='ltr'><strong>(add.</strong></span> <span class='ocrx_word' id='word_1_385' title='bbox 187 4117 260 4179; x_wconf 93' lang='lat' dir='ltr'><strong>Mill.</strong></span> <span class='ocrx_word' id='word_1_386' title='bbox 282 4135 311 4193; x_wconf 91' lang='lat' dir='ltr'><strong>p.</strong></span> <span class='ocrx_word' id='word_1_387' title='bbox 335 4119 409 4191; x_wconf 89' lang='grc'><strong>262)</strong></span> <span class='ocrx_word' id='word_1_388' title='bbox 445 4137 471 4179; x_wconf 93' lang='grc' dir='ltr'><strong>ν.</strong></span> <span class='ocrx_word' id='word_1_389' title='bbox 495 4112 639 4194; x_wconf 84' lang='grc' dir='ltr'>ῥόπαλον</span> <span class='ocrx_word' id='word_1_390' title='bbox 674 4127 706 4176; x_wconf 91' lang='lat' dir='ltr'><strong>et</strong></span> <span class='ocrx_word' id='word_1_391' title='bbox 734 4117 829 4178; x_wconf 91' lang='lat' dir='ltr'><strong>schol.</strong></span> <span class='ocrx_word' id='word_1_392' title='bbox 853 4117 911 4192; x_wconf 93' lang='lat' dir='ltr'><strong>Ap.</strong></span> <span class='ocrx_word' id='word_1_393' title='bbox 934 4117 949 4174; x_wconf 97' lang='lat' dir='ltr'>I</span> <span class='ocrx_word' id='word_1_394' title='bbox 974 4119 1069 4194; x_wconf 78' lang='lat'>11963</span> <span class='ocrx_word' id='word_1_395' title='bbox 1106 4117 1154 4177; x_wconf 89' lang='lat' dir='ltr'><strong>Et.</strong></span> <span class='ocrx_word' id='word_1_396' title='bbox 1177 4117 1221 4178; x_wconf 91' lang='lat' dir='ltr'><strong>M.</strong></span> 
     </span>
     <span class='ocr_line' id='line_1_39' title="bbox 79 4213 1220 4294; baseline 0 -16"><span class='ocrx_word' id='word_1_397' title='bbox 79 4221 151 4292; x_wconf 84' lang='lat'>205,</span> <span class='ocrx_word' id='word_1_398' title='bbox 174 4220 213 4279; x_wconf 85' lang='grc'><strong>36</strong></span> <span class='ocrx_word' id='word_1_399' title='bbox 237 4237 262 4280; x_wconf 89' lang='lat' dir='ltr'><strong>v.</strong></span> <span class='ocrx_word' id='word_1_400' title='bbox 284 4214 455 4294; x_wconf 87' lang='grc' dir='ltr'>Βόσπορος</span> <span class='ocrx_word' id='word_1_401' title='bbox 477 4225 509 4276; x_wconf 88' lang='lat' dir='ltr'><strong>et</strong></span> <span class='ocrx_word' id='word_1_402' title='bbox 531 4219 622 4279; x_wconf 87' lang='lat' dir='ltr'><strong>schol.</strong></span> <span class='ocrx_word' id='word_1_403' title='bbox 653 4213 710 4294; x_wconf 92' lang='lat' dir='ltr'><strong>Ap.</strong></span> <span class='ocrx_word' id='word_1_404' title='bbox 740 4217 866 4288; x_wconf 78' lang='lat'><em>111683</em></span> <span class='ocrx_word' id='word_1_405' title='bbox 901 4219 950 4280; x_wconf 92' lang='lat' dir='ltr'><strong>Et.</strong></span> <span class='ocrx_word' id='word_1_406' title='bbox 974 4217 1015 4280; x_wconf 94' lang='lat' dir='ltr'><strong>M.</strong></span> <span class='ocrx_word' id='word_1_407' title='bbox 1037 4221 1107 4293; x_wconf 91' lang='grc'><strong>627,</strong></span> <span class='ocrx_word' id='word_1_408' title='bbox 1132 4220 1171 4277; x_wconf 91' lang='grc'><strong>47</strong></span> <span class='ocrx_word' id='word_1_409' title='bbox 1193 4238 1220 4278; x_wconf 88' lang='lat' dir='ltr'><strong>v.</strong></span> 
     </span>
     <span class='ocr_line' id='line_1_40' title="bbox 77 4316 1221 4396; baseline -0.003 -15"><span class='ocrx_word' id='word_1_410' title='bbox 77 4317 246 4383; x_wconf 85' lang='grc' dir='ltr'>ὀπίῑεσθαι</span> <span class='ocrx_word' id='word_1_411' title='bbox 268 4330 300 4378; x_wconf 88' lang='lat' dir='ltr'><strong>et</strong></span> <span class='ocrx_word' id='word_1_412' title='bbox 319 4321 412 4381; x_wconf 86' lang='lat' dir='ltr'><strong>schol.</strong></span> <span class='ocrx_word' id='word_1_413' title='bbox 435 4321 492 4396; x_wconf 92' lang='lat' dir='ltr'><strong>Ap.</strong></span> <span class='ocrx_word' id='word_1_414' title='bbox 515 4319 639 4394; x_wconf 82' lang='grc'><strong>11181;</strong></span> <span class='ocrx_word' id='word_1_415' title='bbox 662 4319 711 4380; x_wconf 90' lang='lat' dir='ltr'><strong>Et.</strong></span> <span class='ocrx_word' id='word_1_416' title='bbox 734 4319 776 4380; x_wconf 92' lang='lat' dir='ltr'><strong>M.</strong></span> <span class='ocrx_word' id='word_1_417' title='bbox 801 4323 872 4389; x_wconf 85' lang='grc'><strong>674,</strong></span> <span class='ocrx_word' id='word_1_418' title='bbox 896 4323 935 4381; x_wconf 88' lang='grc'><strong>22</strong></span> <span class='ocrx_word' id='word_1_419' title='bbox 958 4340 985 4378; x_wconf 92' lang='lat' dir='ltr'><strong>v.</strong></span> <span class='ocrx_word' id='word_1_420' title='bbox 1000 4316 1167 4395; x_wconf 89' lang='grc' dir='ltr'>πλαδαρόν</span> <span class='ocrx_word' id='word_1_421' title='bbox 1189 4329 1221 4378; x_wconf 90' lang='lat' dir='ltr'><strong>et</strong></span> 
     </span>
     <span class='ocr_line' id='line_1_41' title="bbox 78 4416 1219 4498; baseline 0 -18"><span class='ocrx_word' id='word_1_422' title='bbox 78 4421 173 4482; x_wconf 91' lang='lat' dir='ltr'><strong>schol.</strong></span> <span class='ocrx_word' id='word_1_423' title='bbox 197 4423 255 4498; x_wconf 93' lang='lat' dir='ltr'><strong>Ap.</strong></span> <span class='ocrx_word' id='word_1_424' title='bbox 276 4421 305 4478; x_wconf 87' lang='lat'><strong>11</strong></span> <span class='ocrx_word' id='word_1_425' title='bbox 330 4422 407 4497; x_wconf 80' lang='lat'><strong>6623</strong></span> <span class='ocrx_word' id='word_1_426' title='bbox 426 4421 475 4480; x_wconf 88' lang='lat' dir='ltr'><strong>Et.</strong></span> <span class='ocrx_word' id='word_1_427' title='bbox 498 4419 539 4480; x_wconf 92' lang='lat' dir='ltr'><strong>M.</strong></span> <span class='ocrx_word' id='word_1_428' title='bbox 562 4423 634 4489; x_wconf 88' lang='grc'><strong>469,</strong></span> <span class='ocrx_word' id='word_1_429' title='bbox 656 4422 694 4481; x_wconf 91' lang='grc'><strong>41</strong></span> <span class='ocrx_word' id='word_1_430' title='bbox 717 4439 744 4481; x_wconf 89' lang='lat' dir='ltr'><strong>v.</strong></span> <span class='ocrx_word' id='word_1_431' title='bbox 766 4416 827 4496; x_wconf 86' lang='grc' dir='ltr'>ἱήιε</span> <span class='ocrx_word' id='word_1_432' title='bbox 850 4429 880 4482; x_wconf 88' lang='lat' dir='ltr'><strong>et</strong></span> <span class='ocrx_word' id='word_1_433' title='bbox 903 4421 997 4482; x_wconf 87' lang='lat' dir='ltr'><strong>schol.</strong></span> <span class='ocrx_word' id='word_1_434' title='bbox 1019 4421 1077 4496; x_wconf 91' lang='lat' dir='ltr'><strong>Ap.</strong></span> <span class='ocrx_word' id='word_1_435' title='bbox 1100 4421 1219 4492; x_wconf 76' lang='lat'><strong>117123</strong></span> 
     </span>
     <span class='ocr_line' id='line_1_42' title="bbox 78 4516 1220 4598; baseline 0.002 -16"><span class='ocrx_word' id='word_1_436' title='bbox 78 4524 129 4585; x_wconf 91' lang='lat' dir='ltr'><strong>Et.</strong></span> <span class='ocrx_word' id='word_1_437' title='bbox 150 4523 192 4585; x_wconf 92' lang='lat' dir='ltr'><strong>M.</strong></span> <span class='ocrx_word' id='word_1_438' title='bbox 215 4525 286 4593; x_wconf 85' lang='grc'><strong>235,</strong></span> <span class='ocrx_word' id='word_1_439' title='bbox 310 4526 327 4582; x_wconf 97' lang='grc'><strong>7</strong></span> <span class='ocrx_word' id='word_1_440' title='bbox 361 4542 388 4580; x_wconf 89' lang='lat' dir='ltr'><strong>v.</strong></span> <span class='ocrx_word' id='word_1_441' title='bbox 412 4516 530 4598; x_wconf 87' lang='grc' dir='ltr'>γλυφίς</span> <span class='ocrx_word' id='word_1_442' title='bbox 557 4531 590 4579; x_wconf 87' lang='lat' dir='ltr'><strong>et</strong></span> <span class='ocrx_word' id='word_1_443' title='bbox 611 4521 704 4582; x_wconf 92' lang='lat' dir='ltr'><strong>schol.</strong></span> <span class='ocrx_word' id='word_1_444' title='bbox 729 4523 787 4597; x_wconf 89' lang='lat' dir='ltr'><strong>Ap.</strong></span> <span class='ocrx_word' id='word_1_445' title='bbox 810 4522 949 4598; x_wconf 81' lang='lat'>111218;</span> <span class='ocrx_word' id='word_1_446' title='bbox 983 4521 1055 4584; x_wconf 90' lang='lat' dir='ltr'><strong>Mill.</strong></span> <span class='ocrx_word' id='word_1_447' title='bbox 1078 4541 1107 4598; x_wconf 89' lang='lat' dir='ltr'><strong>p.</strong></span> <span class='ocrx_word' id='word_1_448' title='bbox 1131 4525 1169 4582; x_wconf 93' lang='grc'><strong>21</strong></span> <span class='ocrx_word' id='word_1_449' title='bbox 1194 4541 1220 4584; x_wconf 88' lang='lat' dir='ltr'><strong>v.</strong></span> 
     </span>
    </p>
   </div>
   <div class='ocr_carea' id='block_1_3' title="bbox 0 0 1474 4922">
    <p class='ocr_par' dir='ltr' id='par_1_3' title="bbox 0 0 1474 4922">
     <span class='ocr_line' id='line_1_43' title="bbox 0 0 1474 4922; baseline 0 0"><span class='ocrx_word' id='word_1_450' title='bbox 0 0 1474 4922; x_wconf 95' lang='lat' dir='ltr'><strong> </strong></span> 
     </span>
    </p>
   </div>
  </div>
 </body>
</html>
