<?xml version="1.0" encoding="UTF-8"?>
<!DOCTYPE html PUBLIC "-//W3C//DTD XHTML 1.0 Transitional//EN"
    "http://www.w3.org/TR/xhtml1/DTD/xhtml1-transitional.dtd">
<html xmlns="http://www.w3.org/1999/xhtml" xml:lang="en" lang="en">
 <head>
  <title>
</title>
<meta http-equiv="Content-Type" content="text/html;charset=utf-8" />
  <meta name='ocr-system' content='tesseract 3.04.00' />
  <meta name='ocr-capabilities' content='ocr_page ocr_carea ocr_par ocr_line ocrx_word'/>
</head>
<body>
  <div class='ocr_page' id='page_1' title='image "./descholiisinapo00bercgoog_0011.png"; bbox 0 0 2938 4922; ppageno 0'>
   <div class='ocr_carea' id='block_1_1' title="bbox 773 344 789 396">
    <p class='ocr_par' dir='ltr' id='par_1_1' title="bbox 773 344 789 396">
     <span class='ocr_line' id='line_1_1' title="bbox 773 344 789 396; baseline 0 0"><span class='ocrx_word' id='word_1_1' title='bbox 773 344 789 396; x_wconf 87' lang='grc'>6</span> 
     </span>
    </p>
   </div>
   <div class='ocr_carea' id='block_1_2' title="bbox 184 519 1359 1592">
    <p class='ocr_par' dir='ltr' id='par_1_2' title="bbox 184 519 1358 1084">
     <span class='ocr_line' id='line_1_2' title="bbox 214 519 1357 598; baseline 0.004 -23"><span class='ocrx_word' id='word_1_2' title='bbox 214 535 316 593; x_wconf 87' lang='lat' dir='ltr'><strong>posse.</strong></span> <span class='ocrx_word' id='word_1_3' title='bbox 360 519 427 576; x_wconf 85' lang='lat' dir='ltr'><strong>Alia</strong></span> <span class='ocrx_word' id='word_1_4' title='bbox 448 527 481 576; x_wconf 84' lang='lat' dir='ltr'><strong>et</strong></span> <span class='ocrx_word' id='word_1_5' title='bbox 495 537 534 576; x_wconf 87' lang='lat' dir='ltr'><strong>ea</strong></span> <span class='ocrx_word' id='word_1_6' title='bbox 548 519 673 594; x_wconf 90' lang='lat' dir='ltr'><strong>quidem</strong></span> <span class='ocrx_word' id='word_1_7' title='bbox 688 523 784 580; x_wconf 88' lang='lat' dir='ltr'><strong>maior</strong></span> <span class='ocrx_word' id='word_1_8' title='bbox 799 520 962 580; x_wconf 83' lang='lat' dir='ltr'><strong>difficultas</strong></span> <span class='ocrx_word' id='word_1_9' title='bbox 974 529 1022 578; x_wconf 90' lang='lat' dir='ltr'><strong>est</strong></span> <span class='ocrx_word' id='word_1_10' title='bbox 1033 521 1233 598; x_wconf 88' lang='lat' dir='ltr'><strong>diiudicandi,</strong></span> <span class='ocrx_word' id='word_1_11' title='bbox 1255 529 1357 580; x_wconf 89' lang='lat' dir='ltr'><strong>utrum</strong></span> 
     </span>
     <span class='ocr_line' id='line_1_3' title="bbox 218 619 1357 698; baseline 0.004 -22"><span class='ocrx_word' id='word_1_12' title='bbox 218 636 298 695; x_wconf 90' lang='lat' dir='ltr'><strong>quae</strong></span> <span class='ocrx_word' id='word_1_13' title='bbox 321 620 353 678; x_wconf 91' lang='lat' dir='ltr'><strong>in</strong></span> <span class='ocrx_word' id='word_1_14' title='bbox 375 619 588 696; x_wconf 83' lang='lat' dir='ltr'><strong>Etymologico</strong></span> <span class='ocrx_word' id='word_1_15' title='bbox 611 620 726 698; x_wconf 85' lang='lat' dir='ltr'><strong>Magno</strong></span> <span class='ocrx_word' id='word_1_16' title='bbox 757 622 845 697; x_wconf 83' lang='lat' dir='ltr'><strong>plura</strong></span> <span class='ocrx_word' id='word_1_17' title='bbox 867 622 1007 697; x_wconf 87' lang='lat' dir='ltr'><strong>leguntur</strong></span> <span class='ocrx_word' id='word_1_18' title='bbox 1041 640 1133 698; x_wconf 89' lang='lat' dir='ltr'><strong>quam</strong></span> <span class='ocrx_word' id='word_1_19' title='bbox 1164 623 1195 680; x_wconf 90' lang='lat' dir='ltr'><strong>iu</strong></span> <span class='ocrx_word' id='word_1_20' title='bbox 1224 623 1357 698; x_wconf 88' lang='lat' dir='ltr'>scholiis,</span> 
     </span>
     <span class='ocr_line' id='line_1_4' title="bbox 215 720 1358 798; baseline 0.005 -22"><span class='ocrx_word' id='word_1_21' title='bbox 215 720 292 778; x_wconf 88' lang='lat' dir='ltr'><strong>haec</strong></span> <span class='ocrx_word' id='word_1_22' title='bbox 315 737 353 777; x_wconf 87' lang='lat' dir='ltr'><strong>ex</strong></span> <span class='ocrx_word' id='word_1_23' title='bbox 385 721 457 796; x_wconf 88' lang='lat' dir='ltr'><strong>ipsis</strong></span> <span class='ocrx_word' id='word_1_24' title='bbox 490 722 612 783; x_wconf 87' lang='lat' dir='ltr'><strong>scholiis</strong></span> <span class='ocrx_word' id='word_1_25' title='bbox 645 721 766 794; x_wconf 63' lang='lat' dir='ltr'><strong>hausta</strong></span> <span class='ocrx_word' id='word_1_26' title='bbox 785 724 845 783; x_wconf 85' lang='lat' dir='ltr'><strong>siut</strong></span> <span class='ocrx_word' id='word_1_27' title='bbox 876 741 916 780; x_wconf 90' lang='lat' dir='ltr'><strong>an</strong></span> <span class='ocrx_word' id='word_1_28' title='bbox 938 723 1003 782; x_wconf 89' lang='lat' dir='ltr'><strong>aliis</strong></span> <span class='ocrx_word' id='word_1_29' title='bbox 1026 741 1064 780; x_wconf 85' lang='lat' dir='ltr'><strong>ex</strong></span> <span class='ocrx_word' id='word_1_30' title='bbox 1086 723 1234 793; x_wconf 78' lang='lat' dir='ltr'><strong>fontibus3</strong></span> <span class='ocrx_word' id='word_1_31' title='bbox 1271 725 1358 798; x_wconf 91' lang='lat' dir='ltr'><strong>quod</strong></span> 
     </span>
     <span class='ocr_line' id='line_1_5' title="bbox 184 821 1357 900; baseline 0.005 -23"><span class='ocrx_word' id='word_1_32' title='bbox 184 850 187 854; x_wconf 93' lang='lat'>·</span> <span class='ocrx_word' id='word_1_33' title='bbox 215 821 360 882; x_wconf 89' lang='lat' dir='ltr'><strong>iudicium</strong></span> <span class='ocrx_word' id='word_1_34' title='bbox 383 839 421 880; x_wconf 89' lang='lat' dir='ltr'><strong>eo</strong></span> <span class='ocrx_word' id='word_1_35' title='bbox 442 823 539 900; x_wconf 83' lang='lat' dir='ltr'><strong>magis</strong></span> <span class='ocrx_word' id='word_1_36' title='bbox 563 823 736 899; x_wconf 76' lang='lat' dir='ltr'><strong>impeditur,</strong></span> <span class='ocrx_word' id='word_1_37' title='bbox 758 826 846 900; x_wconf 90' lang='lat' dir='ltr'><strong>quod</strong></span> <span class='ocrx_word' id='word_1_38' title='bbox 870 833 1026 884; x_wconf 84' lang='lat' dir='ltr'><strong>auctorem</strong></span> <span class='ocrx_word' id='word_1_39' title='bbox 1048 825 1096 885; x_wconf 90' lang='lat' dir='ltr'><strong>Et.</strong></span> <span class='ocrx_word' id='word_1_40' title='bbox 1121 825 1164 884; x_wconf 91' lang='lat' dir='ltr'><strong>M.</strong></span> <span class='ocrx_word' id='word_1_41' title='bbox 1192 827 1223 883; x_wconf 90' lang='lat' dir='ltr'><strong>in</strong></span> <span class='ocrx_word' id='word_1_42' title='bbox 1244 826 1357 884; x_wconf 83' lang='lat' dir='ltr'><strong>exscri-</strong></span> 
     </span>
     <span class='ocr_line' id='line_1_6' title="bbox 216 923 1358 1004; baseline 0.002 -24"><span class='ocrx_word' id='word_1_43' title='bbox 216 923 325 981; x_wconf 89' lang='lat' dir='ltr'><strong>bendis</strong></span> <span class='ocrx_word' id='word_1_44' title='bbox 348 924 471 982; x_wconf 86' lang='lat' dir='ltr'><strong>scholiis</strong></span> <span class='ocrx_word' id='word_1_45' title='bbox 493 943 556 983; x_wconf 89' lang='lat' dir='ltr'><strong>nou</strong></span> <span class='ocrx_word' id='word_1_46' title='bbox 584 943 645 1000; x_wconf 91' lang='lat' dir='ltr'><strong>qua</strong></span> <span class='ocrx_word' id='word_1_47' title='bbox 669 925 812 986; x_wconf 81' lang='lat' dir='ltr'><strong>vellemus</strong></span> <span class='ocrx_word' id='word_1_48' title='bbox 833 927 990 1002; x_wconf 85' lang='lat' dir='ltr'><strong>diligentia</strong></span> <span class='ocrx_word' id='word_1_49' title='bbox 1022 926 1120 1004; x_wconf 82' lang='lat' dir='ltr'><strong>egisse</strong></span> <span class='ocrx_word' id='word_1_50' title='bbox 1153 925 1229 984; x_wconf 87' lang='lat' dir='ltr'><strong>iufra</strong></span> <span class='ocrx_word' id='word_1_51' title='bbox 1261 927 1358 984; x_wconf 89' lang='lat' dir='ltr'><strong>doce·</strong></span> 
     </span>
     <span class='ocr_line' id='line_1_7' title="bbox 214 1024 321 1084; baseline 0.019 -2"><span class='ocrx_word' id='word_1_52' title='bbox 214 1024 321 1084; x_wconf 89' lang='lat' dir='ltr'><strong>bimus.</strong></span> 
     </span>
    </p>

    <p class='ocr_par' dir='ltr' id='par_1_3' title="bbox 215 1125 1359 1592">
     <span class='ocr_line' id='line_1_8' title="bbox 314 1125 1357 1206; baseline 0.002 -23"><span class='ocrx_word' id='word_1_53' title='bbox 314 1125 403 1184; x_wconf 89' lang='lat' dir='ltr'><strong>Nunc</strong></span> <span class='ocrx_word' id='word_1_54' title='bbox 437 1127 461 1184; x_wconf 90' lang='lat' dir='ltr'><strong>si</strong></span> <span class='ocrx_word' id='word_1_55' title='bbox 491 1145 555 1185; x_wconf 92' lang='lat' dir='ltr'><strong>rem</strong></span> <span class='ocrx_word' id='word_1_56' title='bbox 583 1130 771 1204; x_wconf 88' lang='lat' dir='ltr'><strong>propositam</strong></span> <span class='ocrx_word' id='word_1_57' title='bbox 793 1129 992 1206; x_wconf 81' lang='lat' dir='ltr'><strong>aggredimur,</strong></span> <span class='ocrx_word' id='word_1_58' title='bbox 1027 1128 1157 1204; x_wconf 87' lang='lat' dir='ltr'><strong>primum</strong></span> <span class='ocrx_word' id='word_1_59' title='bbox 1189 1129 1357 1188; x_wconf 88' lang='lat' dir='ltr'><strong>dicendum</strong></span> 
     </span>
     <span class='ocr_line' id='line_1_9' title="bbox 215 1226 1356 1306; baseline 0.004 -23"><span class='ocrx_word' id='word_1_60' title='bbox 215 1226 345 1295; x_wconf 89' lang='lat' dir='ltr'><strong>videtur,</strong></span> <span class='ocrx_word' id='word_1_61' title='bbox 368 1228 540 1304; x_wconf 92' lang='lat' dir='ltr'><strong>quomodo</strong></span> <span class='ocrx_word' id='word_1_62' title='bbox 556 1228 671 1287; x_wconf 90' lang='lat' dir='ltr'><strong>scholia</strong></span> <span class='ocrx_word' id='word_1_63' title='bbox 683 1230 888 1304; x_wconf 85' lang='lat' dir='ltr'><strong>Apolloniana</strong></span> <span class='ocrx_word' id='word_1_64' title='bbox 909 1231 941 1288; x_wconf 93' lang='lat' dir='ltr'><strong>in</strong></span> <span class='ocrx_word' id='word_1_65' title='bbox 952 1230 1197 1306; x_wconf 87' lang='lat' dir='ltr'><strong>Etymologicum</strong></span> <span class='ocrx_word' id='word_1_66' title='bbox 1206 1229 1356 1306; x_wconf 83' lang='lat' dir='ltr'><strong>Magnum</strong></span> 
     </span>
     <span class='ocr_line' id='line_1_10' title="bbox 218 1329 1356 1412; baseline 0.004 -28"><span class='ocrx_word' id='word_1_67' title='bbox 218 1329 420 1403; x_wconf 84' lang='lat' dir='ltr'><strong>pervenerint,</strong></span> <span class='ocrx_word' id='word_1_68' title='bbox 435 1409 437 1412; x_wconf 84' lang='lat'>.</span> <span class='ocrx_word' id='word_1_69' title='bbox 454 1329 566 1387; x_wconf 88' lang='lat' dir='ltr'><strong>deinde</strong></span> <span class='ocrx_word' id='word_1_70' title='bbox 589 1347 671 1406; x_wconf 88' lang='lat' dir='ltr'><strong>quae</strong></span> <span class='ocrx_word' id='word_1_71' title='bbox 694 1331 771 1388; x_wconf 84' lang='lat' dir='ltr'><strong>ratio</strong></span> <span class='ocrx_word' id='word_1_72' title='bbox 793 1331 966 1389; x_wconf 86' lang='lat' dir='ltr'><strong>intercedat</strong></span> <span class='ocrx_word' id='word_1_73' title='bbox 993 1332 1073 1390; x_wconf 88' lang='lat' dir='ltr'><strong>iuter</strong></span> <span class='ocrx_word' id='word_1_74' title='bbox 1094 1331 1207 1390; x_wconf 89' lang='lat' dir='ltr'><strong>scholia</strong></span> <span class='ocrx_word' id='word_1_75' title='bbox 1230 1330 1356 1406; x_wconf 90' lang='lat' dir='ltr'><strong>Apollo-</strong></span> 
     </span>
     <span class='ocr_line' id='line_1_11' title="bbox 217 1428 1359 1512; baseline 0.003 -28"><span class='ocrx_word' id='word_1_76' title='bbox 217 1428 363 1512; x_wconf 84' lang='lat' dir='ltr'><strong>nianaiu</strong></span> <span class='ocrx_word' id='word_1_77' title='bbox 383 1429 431 1489; x_wconf 90' lang='lat' dir='ltr'><strong>Et.</strong></span> <span class='ocrx_word' id='word_1_78' title='bbox 454 1429 496 1491; x_wconf 87' lang='lat' dir='ltr'><strong>M.</strong></span> <span class='ocrx_word' id='word_1_79' title='bbox 521 1439 665 1507; x_wconf 89' lang='lat' dir='ltr'><strong>excerpta</strong></span> <span class='ocrx_word' id='word_1_80' title='bbox 687 1440 720 1489; x_wconf 92' lang='lat' dir='ltr'><strong>et</strong></span> <span class='ocrx_word' id='word_1_81' title='bbox 741 1449 788 1507; x_wconf 90' lang='lat' dir='ltr'><strong>ea,</strong></span> <span class='ocrx_word' id='word_1_82' title='bbox 822 1448 902 1507; x_wconf 91' lang='lat' dir='ltr'><strong>quae</strong></span> <span class='ocrx_word' id='word_1_83' title='bbox 934 1431 1024 1490; x_wconf 90' lang='lat' dir='ltr'><strong>nohis</strong></span> <span class='ocrx_word' id='word_1_84' title='bbox 1047 1433 1216 1500; x_wconf 87' lang='lat' dir='ltr'><strong>traduntur,</strong></span> <span class='ocrx_word' id='word_1_85' title='bbox 1248 1441 1280 1490; x_wconf 93' lang='lat' dir='ltr'><strong>et</strong></span> <span class='ocrx_word' id='word_1_86' title='bbox 1306 1432 1359 1508; x_wconf 93' lang='lat' dir='ltr'><strong>qui</strong></span> 
     </span>
     <span class='ocr_line' id='line_1_12' title="bbox 218 1529 1021 1592; baseline 0.007 -5"><span class='ocrx_word' id='word_1_87' title='bbox 218 1529 332 1588; x_wconf 86' lang='lat' dir='ltr'><strong>fructus</strong></span> <span class='ocrx_word' id='word_1_88' title='bbox 357 1531 432 1588; x_wconf 88' lang='lat' dir='ltr'><strong>inde</strong></span> <span class='ocrx_word' id='word_1_89' title='bbox 454 1532 568 1591; x_wconf 87' lang='lat' dir='ltr'><strong>defluat</strong></span> <span class='ocrx_word' id='word_1_90' title='bbox 590 1532 621 1588; x_wconf 91' lang='lat' dir='ltr'><strong>in</strong></span> <span class='ocrx_word' id='word_1_91' title='bbox 643 1531 757 1590; x_wconf 87' lang='lat' dir='ltr'><strong>scholia</strong></span> <span class='ocrx_word' id='word_1_92' title='bbox 780 1533 869 1591; x_wconf 91' lang='lat' dir='ltr'><strong>nobis</strong></span> <span class='ocrx_word' id='word_1_93' title='bbox 892 1541 1021 1592; x_wconf 84' lang='lat' dir='ltr'><strong>servata.</strong></span> 
     </span>
    </p>
   </div>
   <div class='ocr_carea' id='block_1_3' title="bbox 770 1836 793 1896">
    <p class='ocr_par' dir='ltr' id='par_1_4' title="bbox 770 1836 793 1896">
     <span class='ocr_line' id='line_1_13' title="bbox 770 1836 793 1896; baseline 0.13 -3"><span class='ocrx_word' id='word_1_94' title='bbox 770 1836 793 1896; x_wconf 93' lang='lat' dir='ltr'><strong>I.</strong></span> 
     </span>
    </p>
   </div>
   <div class='ocr_carea' id='block_1_4' title="bbox 217 2015 1358 2406">
    <p class='ocr_par' dir='ltr' id='par_1_5' title="bbox 217 2015 1358 2406">
     <span class='ocr_line' id='line_1_14' title="bbox 317 2015 1357 2096; baseline 0.001 -19"><span class='ocrx_word' id='word_1_95' title='bbox 317 2017 490 2092; x_wconf 89' lang='lat' dir='ltr'><strong>Quoniam,&#39;</strong></span> <span class='ocrx_word' id='word_1_96' title='bbox 504 2028 538 2078; x_wconf 89' lang='lat' dir='ltr'><strong>ut</strong></span> <span class='ocrx_word' id='word_1_97' title='bbox 559 2015 697 2093; x_wconf 71' lang='lat' dir='ltr'><strong>diximus</strong></span> <span class='ocrx_word' id='word_1_98' title='bbox 723 2019 801 2077; x_wconf 91' lang='lat' dir='ltr'><strong>inter</strong></span> <span class='ocrx_word' id='word_1_99' title='bbox 815 2037 922 2078; x_wconf 90' lang='lat' dir='ltr'><strong>omnes</strong></span> <span class='ocrx_word' id='word_1_100' title='bbox 938 2027 1059 2078; x_wconf 86' lang='lat' dir='ltr'><strong>constat</strong></span> <span class='ocrx_word' id='word_1_101' title='bbox 1081 2020 1197 2080; x_wconf 88' lang='lat' dir='ltr'><strong>scholia</strong></span> <span class='ocrx_word' id='word_1_102' title='bbox 1212 2020 1357 2096; x_wconf 89' lang='lat' dir='ltr'><strong>Appollo-</strong></span> 
     </span>
     <span class='ocr_line' id='line_1_15' title="bbox 218 2120 1358 2200; baseline -0.002 -18"><span class='ocrx_word' id='word_1_103' title='bbox 218 2124 311 2182; x_wconf 87' lang='lat' dir='ltr'><strong>niana</strong></span> <span class='ocrx_word' id='word_1_104' title='bbox 324 2121 537 2196; x_wconf 85' lang='lat' dir='ltr'><strong>Etymologico</strong></span> <span class='ocrx_word' id='word_1_105' title='bbox 548 2120 663 2196; x_wconf 83' lang='lat' dir='ltr'><strong>Magno</strong></span> <span class='ocrx_word' id='word_1_106' title='bbox 685 2121 798 2179; x_wconf 86' lang='lat' dir='ltr'><strong>inserta</strong></span> <span class='ocrx_word' id='word_1_107' title='bbox 818 2137 897 2191; x_wconf 87' lang='lat' dir='ltr'><strong>esse,</strong></span> <span class='ocrx_word' id='word_1_108' title='bbox 919 2138 982 2178; x_wconf 91' lang='lat' dir='ltr'><strong>non</strong></span> <span class='ocrx_word' id='word_1_109' title='bbox 1003 2140 1081 2200; x_wconf 92' lang='lat' dir='ltr'><strong>opus</strong></span> <span class='ocrx_word' id='word_1_110' title='bbox 1102 2122 1160 2181; x_wconf 89' lang='lat' dir='ltr'><strong>erit</strong></span> <span class='ocrx_word' id='word_1_111' title='bbox 1180 2121 1241 2182; x_wconf 91' lang='lat' dir='ltr'><strong>hoc</strong></span> <span class='ocrx_word' id='word_1_112' title='bbox 1254 2139 1358 2181; x_wconf 86' lang='lat' dir='ltr'><strong>exem-</strong></span> 
     </span>
     <span class='ocr_line' id='line_1_16' title="bbox 217 2222 1358 2306; baseline 0.002 -25"><span class='ocrx_word' id='word_1_113' title='bbox 217 2224 275 2302; x_wconf 90' lang='lat' dir='ltr'><strong>plis</strong></span> <span class='ocrx_word' id='word_1_114' title='bbox 300 2225 518 2306; x_wconf 85' lang='lat' dir='ltr'><strong>demonstrare,</strong></span> <span class='ocrx_word' id='word_1_115' title='bbox 550 2222 729 2299; x_wconf 90' lang='lat' dir='ltr'><strong>praesertim</strong></span> <span class='ocrx_word' id='word_1_116' title='bbox 752 2239 822 2280; x_wconf 89' lang='lat' dir='ltr'><strong>cum</strong></span> <span class='ocrx_word' id='word_1_117' title='bbox 845 2230 910 2280; x_wconf 90' lang='lat' dir='ltr'><strong>tota</strong></span> <span class='ocrx_word' id='word_1_118' title='bbox 932 2222 1009 2282; x_wconf 90' lang='lat' dir='ltr'><strong>haec</strong></span> <span class='ocrx_word' id='word_1_119' title='bbox 1037 2224 1206 2300; x_wconf 86' lang='lat' dir='ltr'><strong>disputatio</strong></span> <span class='ocrx_word' id='word_1_120' title='bbox 1228 2225 1294 2282; x_wconf 88' lang='lat' dir='ltr'><strong>eius</strong></span> <span class='ocrx_word' id='word_1_121' title='bbox 1316 2225 1358 2283; x_wconf 89' lang='lat' dir='ltr'><strong>rei</strong></span> 
     </span>
     <span class='ocr_line' id='line_1_17' title="bbox 218 2307 1358 2406; baseline 0 -22"><span class='ocrx_word' id='word_1_122' title='bbox 218 2328 436 2385; x_wconf 88' lang='lat' dir='ltr'><strong>documentum</strong></span> <span class='ocrx_word' id='word_1_123' title='bbox 451 2307 560 2382; x_wconf 51' lang='lat' dir='ltr'><strong>¹future</strong></span> <span class='ocrx_word' id='word_1_124' title='bbox 581 2323 627 2387; x_wconf 87' lang='lat' dir='ltr'><strong>sit.</strong></span> <span class='ocrx_word' id='word_1_125' title='bbox 679 2323 808 2400; x_wconf 89' lang='lat' dir='ltr'><strong>Magnus</strong></span> <span class='ocrx_word' id='word_1_126' title='bbox 839 2333 886 2381; x_wconf 89' lang='lat' dir='ltr'><strong>est</strong></span> <span class='ocrx_word' id='word_1_127' title='bbox 911 2341 1054 2382; x_wconf 88' lang='lat' dir='ltr'><strong>numerus</strong></span> <span class='ocrx_word' id='word_1_128' title='bbox 1076 2323 1223 2406; x_wconf 86' lang='lat' dir='ltr'><strong>locorum,</strong></span> <span class='ocrx_word' id='word_1_129' title='bbox 1255 2326 1305 2386; x_wconf 90' lang='lat' dir='ltr'><strong>ubi</strong></span> <span class='ocrx_word' id='word_1_130' title='bbox 1327 2326 1358 2384; x_wconf 88' lang='lat' dir='ltr'><strong>in</strong></span> 
     </span>
    </p>
   </div>
   <div class='ocr_carea' id='block_1_5' title="bbox 217 2425 1422 4634">
    <p class='ocr_par' dir='ltr' id='par_1_6' title="bbox 217 2425 1359 3012">
     <span class='ocr_line' id='line_1_18' title="bbox 219 2425 1358 2504; baseline -0.001 -19"><span class='ocrx_word' id='word_1_131' title='bbox 219 2429 267 2488; x_wconf 91' lang='lat' dir='ltr'><strong>Et.</strong></span> <span class='ocrx_word' id='word_1_132' title='bbox 290 2427 331 2486; x_wconf 92' lang='lat' dir='ltr'><strong>M.</strong></span> <span class='ocrx_word' id='word_1_133' title='bbox 353 2425 451 2485; x_wconf 86' lang='lat' dir='ltr'><strong>Gaisf.</strong></span> <span class='ocrx_word' id='word_1_134' title='bbox 473 2425 626 2500; x_wconf 88' lang='lat' dir='ltr'><strong>Apollonii</strong></span> <span class='ocrx_word' id='word_1_135' title='bbox 660 2442 783 2483; x_wconf 88' lang='lat' dir='ltr'><strong>carmen</strong></span> <span class='ocrx_word' id='word_1_136' title='bbox 813 2425 966 2504; x_wconf 84' lang='lat' dir='ltr'><strong>laudatur,</strong></span> <span class='ocrx_word' id='word_1_137' title='bbox 1002 2425 1098 2484; x_wconf 89' lang='lat' dir='ltr'><strong>maior</strong></span> <span class='ocrx_word' id='word_1_138' title='bbox 1125 2426 1219 2485; x_wconf 88' lang='lat' dir='ltr'><strong>etiam</strong></span> <span class='ocrx_word' id='word_1_139' title='bbox 1254 2427 1288 2484; x_wconf 88' lang='lat' dir='ltr'><strong>fit</strong></span> <span class='ocrx_word' id='word_1_140' title='bbox 1320 2445 1358 2484; x_wconf 85' lang='lat' dir='ltr'><strong>ex</strong></span> 
     </span>
     <span class='ocr_line' id='line_1_19' title="bbox 219 2525 1358 2603; baseline -0.001 -16"><span class='ocrx_word' id='word_1_141' title='bbox 219 2529 328 2588; x_wconf 88' lang='lat' dir='ltr'><strong>Milleri</strong></span> <span class='ocrx_word' id='word_1_142' title='bbox 359 2527 453 2603; x_wconf 91' lang='lat' dir='ltr'><strong>copiis</strong></span> <span class='ocrx_word' id='word_1_143' title='bbox 475 2526 671 2600; x_wconf 57' lang='lat' dir='ltr'><strong>Florentinis}</strong></span> <span class='ocrx_word' id='word_1_144' title='bbox 708 2534 741 2584; x_wconf 89' lang='lat' dir='ltr'><strong>et</strong></span> <span class='ocrx_word' id='word_1_145' title='bbox 772 2525 853 2594; x_wconf 89' lang='lat' dir='ltr'><strong>hinc,</strong></span> <span class='ocrx_word' id='word_1_146' title='bbox 886 2535 1069 2603; x_wconf 88' lang='lat' dir='ltr'><strong>quamquam</strong></span> <span class='ocrx_word' id='word_1_147' title='bbox 1098 2527 1206 2585; x_wconf 90' lang='lat' dir='ltr'><strong>minori</strong></span> <span class='ocrx_word' id='word_1_148' title='bbox 1240 2537 1358 2588; x_wconf 90' lang='lat' dir='ltr'><strong>tantum</strong></span> 
     </span>
     <span class='ocr_line' id='line_1_20' title="bbox 217 2625 1358 2704; baseline -0.002 -15"><span class='ocrx_word' id='word_1_149' title='bbox 217 2631 326 2688; x_wconf 91' lang='lat' dir='ltr'><strong>horum</strong></span> <span class='ocrx_word' id='word_1_150' title='bbox 349 2627 484 2686; x_wconf 90' lang='lat' dir='ltr'><strong>locorum</strong></span> <span class='ocrx_word' id='word_1_151' title='bbox 506 2628 584 2703; x_wconf 87' lang='lat' dir='ltr'><strong>parti</strong></span> <span class='ocrx_word' id='word_1_152' title='bbox 606 2625 722 2686; x_wconf 85' lang='lat' dir='ltr'><strong>scholia</strong></span> <span class='ocrx_word' id='word_1_153' title='bbox 744 2627 869 2686; x_wconf 87' lang='lat' dir='ltr'><strong>subesse</strong></span> <span class='ocrx_word' id='word_1_154' title='bbox 891 2629 1189 2704; x_wconf 69' lang='lat' dir='ltr'><strong>propius‘spectanti</strong></span> <span class='ocrx_word' id='word_1_155' title='bbox 1210 2647 1281 2689; x_wconf 85' lang='lat' dir='ltr'><strong>mox</strong></span> <span class='ocrx_word' id='word_1_156' title='bbox 1297 2631 1358 2688; x_wconf 91' lang='lat' dir='ltr'><strong>elu-</strong></span> 
     </span>
     <span class='ocr_line' id='line_1_21' title="bbox 219 2726 1356 2806; baseline -0.001 -17"><span class='ocrx_word' id='word_1_157' title='bbox 219 2731 310 2806; x_wconf 86' lang='lat' dir='ltr'><strong>cebit,</strong></span> <span class='ocrx_word' id='word_1_158' title='bbox 333 2728 555 2788; x_wconf 82' lang='lat' dir='ltr'><strong>exordiendum</strong></span> <span class='ocrx_word' id='word_1_159' title='bbox 587 2728 643 2787; x_wconf 87' lang='lat' dir='ltr'><strong>erit</strong></span> <span class='ocrx_word' id='word_1_160' title='bbox 677 2728 893 2804; x_wconf 87' lang='lat' dir='ltr'><strong>quaerentibus</strong></span> <span class='ocrx_word' id='word_1_161' title='bbox 923 2728 964 2786; x_wconf 95' lang='lat' dir='ltr'><strong>de</strong></span> <span class='ocrx_word' id='word_1_162' title='bbox 986 2727 1170 2788; x_wconf 90' lang='lat' dir='ltr'><strong>scholiorum</strong></span> <span class='ocrx_word' id='word_1_163' title='bbox 1192 2729 1223 2786; x_wconf 90' lang='lat' dir='ltr'><strong>in</strong></span> <span class='ocrx_word' id='word_1_164' title='bbox 1246 2726 1295 2790; x_wconf 88' lang='lat' dir='ltr'><strong>Et.</strong></span> <span class='ocrx_word' id='word_1_165' title='bbox 1314 2730 1356 2788; x_wconf 88' lang='lat' dir='ltr'><strong>M.</strong></span> 
     </span>
     <span class='ocr_line' id='line_1_22' title="bbox 220 2829 1359 2906; baseline -0.002 -14"><span class='ocrx_word' id='word_1_166' title='bbox 220 2851 284 2894; x_wconf 86' lang='lat' dir='ltr'><strong>usu</strong></span> <span class='ocrx_word' id='word_1_167' title='bbox 328 2831 406 2890; x_wconf 88' lang='lat' dir='ltr'><strong>Sunt</strong></span> <span class='ocrx_word' id='word_1_168' title='bbox 426 2848 549 2906; x_wconf 89' lang='lat' dir='ltr'><strong>quoque</strong></span> <span class='ocrx_word' id='word_1_169' title='bbox 571 2829 640 2899; x_wconf 91' lang='lat' dir='ltr'><strong>loci,</strong></span> <span class='ocrx_word' id='word_1_170' title='bbox 662 2829 714 2904; x_wconf 93' lang='lat' dir='ltr'><strong>qui</strong></span> <span class='ocrx_word' id='word_1_171' title='bbox 736 2829 792 2887; x_wconf 89' lang='lat' dir='ltr'><strong>etsi</strong></span> <span class='ocrx_word' id='word_1_172' title='bbox 807 2829 962 2905; x_wconf 84' lang='lat' dir='ltr'><strong>Apollonii</strong></span> <span class='ocrx_word' id='word_1_173' title='bbox 975 2847 1089 2889; x_wconf 88' lang='lat' dir='ltr'><strong>nomen</strong></span> <span class='ocrx_word' id='word_1_174' title='bbox 1104 2831 1206 2890; x_wconf 89' lang='lat' dir='ltr'><strong>adhuc</strong></span> <span class='ocrx_word' id='word_1_175' title='bbox 1222 2833 1359 2890; x_wconf 90' lang='lat' dir='ltr'><strong>nondum</strong></span> 
     </span>
     <span class='ocr_line' id='line_1_23' title="bbox 218 2928 1357 3012; baseline -0.003 -19"><span class='ocrx_word' id='word_1_176' title='bbox 218 2935 340 3012; x_wconf 87' lang='lat' dir='ltr'><strong>prodiit,</strong></span> <span class='ocrx_word' id='word_1_177' title='bbox 364 2943 467 2992; x_wconf 89' lang='lat' dir='ltr'><strong>tamen</strong></span> <span class='ocrx_word' id='word_1_178' title='bbox 486 2932 559 3008; x_wconf 88' lang='lat' dir='ltr'><strong>quin</strong></span> <span class='ocrx_word' id='word_1_179' title='bbox 578 2949 616 2991; x_wconf 85' lang='lat' dir='ltr'><strong>ex</strong></span> <span class='ocrx_word' id='word_1_180' title='bbox 638 2928 759 2990; x_wconf 86' lang='lat' dir='ltr'><strong>scholiis</strong></span> <span class='ocrx_word' id='word_1_181' title='bbox 781 2932 895 3007; x_wconf 87' lang='lat' dir='ltr'><strong>sumpti</strong></span> <span class='ocrx_word' id='word_1_182' title='bbox 910 2931 970 2989; x_wconf 89' lang='lat' dir='ltr'><strong>sint</strong></span> <span class='ocrx_word' id='word_1_183' title='bbox 984 2932 1110 2989; x_wconf 91' lang='lat' dir='ltr'><strong>dubium</strong></span> <span class='ocrx_word' id='word_1_184' title='bbox 1131 2949 1200 2990; x_wconf 91' lang='lat' dir='ltr'><strong>esse</strong></span> <span class='ocrx_word' id='word_1_185' title='bbox 1214 2942 1357 3012; x_wconf 85' lang='lat' dir='ltr'><strong>nequeat.</strong></span> 
     </span>
    </p>

    <p class='ocr_par' dir='ltr' id='par_1_7' title="bbox 218 3033 1396 3617">
     <span class='ocr_line' id='line_1_24' title="bbox 318 3033 1396 3114; baseline -0.002 -20"><span class='ocrx_word' id='word_1_186' title='bbox 318 3037 471 3094; x_wconf 90' lang='lat' dir='ltr'><strong>Locorum</strong></span> <span class='ocrx_word' id='word_1_187' title='bbox 481 3051 563 3094; x_wconf 87' lang='lat' dir='ltr'><strong>nunc</strong></span> <span class='ocrx_word' id='word_1_188' title='bbox 575 3033 695 3109; x_wconf 88' lang='lat' dir='ltr'><strong>copiam</strong></span> <span class='ocrx_word' id='word_1_189' title='bbox 706 3033 958 3108; x_wconf 89' lang='lat' dir='ltr'><strong>perlustrantibus</strong></span> <span class='ocrx_word' id='word_1_190' title='bbox 968 3033 1064 3108; x_wconf 91' lang='lat' dir='ltr'><strong>prima</strong></span> <span class='ocrx_word' id='word_1_191' title='bbox 1079 3033 1196 3092; x_wconf 86' lang='lat' dir='ltr'><strong>exsistit</strong></span> <span class='ocrx_word' id='word_1_192' title='bbox 1207 3035 1357 3111; x_wconf 82' lang='lat' dir='ltr'><strong>quaestio,</strong></span> <span class='ocrx_word' id='word_1_193' title='bbox 1392 3107 1396 3114; x_wconf 16' lang='grc' dir='ltr'>η</span> 
     </span>
     <span class='ocr_line' id='line_1_25' title="bbox 218 3133 1358 3216; baseline -0.005 -18"><span class='ocrx_word' id='word_1_194' title='bbox 218 3157 278 3216; x_wconf 90' lang='lat' dir='ltr'><strong>qua</strong></span> <span class='ocrx_word' id='word_1_195' title='bbox 300 3139 348 3196; x_wconf 91' lang='lat' dir='ltr'><strong>via</strong></span> <span class='ocrx_word' id='word_1_196' title='bbox 372 3137 488 3196; x_wconf 87' lang='lat' dir='ltr'><strong>scholia</strong></span> <span class='ocrx_word' id='word_1_197' title='bbox 500 3135 704 3211; x_wconf 87' lang='lat' dir='ltr'><strong>Apolloniana</strong></span> <span class='ocrx_word' id='word_1_198' title='bbox 717 3135 749 3192; x_wconf 88' lang='lat' dir='ltr'><strong>in</strong></span> <span class='ocrx_word' id='word_1_199' title='bbox 764 3133 814 3192; x_wconf 89' lang='lat' dir='ltr'><strong>Et.</strong></span> <span class='ocrx_word' id='word_1_200' title='bbox 827 3133 868 3193; x_wconf 82' lang='lat' dir='ltr'><strong>M.</strong></span> <span class='ocrx_word' id='word_1_201' title='bbox 885 3134 1091 3209; x_wconf 89' lang='lat' dir='ltr'><strong>pervenerint,</strong></span> <span class='ocrx_word' id='word_1_202' title='bbox 1114 3135 1236 3192; x_wconf 90' lang='lat' dir='ltr'><strong>solusne</strong></span> <span class='ocrx_word' id='word_1_203' title='bbox 1252 3143 1358 3193; x_wconf 87' lang='lat' dir='ltr'><strong>auctor</strong></span> 
     </span>
     <span class='ocr_line' id='line_1_26' title="bbox 220 3234 1358 3298; baseline -0.005 0"><span class='ocrx_word' id='word_1_204' title='bbox 220 3241 309 3298; x_wconf 92' lang='lat' dir='ltr'><strong>huius</strong></span> <span class='ocrx_word' id='word_1_205' title='bbox 330 3239 418 3296; x_wconf 86' lang='lat' dir='ltr'><strong>lexici</strong></span> <span class='ocrx_word' id='word_1_206' title='bbox 437 3238 473 3296; x_wconf 92' lang='lat' dir='ltr'><strong>iis</strong></span> <span class='ocrx_word' id='word_1_207' title='bbox 496 3237 535 3294; x_wconf 89' lang='lat' dir='ltr'><strong>sit</strong></span> <span class='ocrx_word' id='word_1_208' title='bbox 568 3253 641 3295; x_wconf 91' lang='lat' dir='ltr'><strong>usus</strong></span> <span class='ocrx_word' id='word_1_209' title='bbox 668 3253 708 3294; x_wconf 89' lang='lat' dir='ltr'><strong>an</strong></span> <span class='ocrx_word' id='word_1_210' title='bbox 732 3235 797 3296; x_wconf 88' lang='lat' dir='ltr'><strong>aliis</strong></span> <span class='ocrx_word' id='word_1_211' title='bbox 819 3254 857 3292; x_wconf 84' lang='lat' dir='ltr'><strong>ex</strong></span> <span class='ocrx_word' id='word_1_212' title='bbox 881 3235 1015 3292; x_wconf 86' lang='lat' dir='ltr'><strong>fontibus</strong></span> <span class='ocrx_word' id='word_1_213' title='bbox 1048 3234 1098 3292; x_wconf 88' lang='lat' dir='ltr'><strong>ille</strong></span> <span class='ocrx_word' id='word_1_214' title='bbox 1130 3236 1297 3294; x_wconf 87' lang='lat' dir='ltr'><strong>traduxerit</strong></span> <span class='ocrx_word' id='word_1_215' title='bbox 1319 3254 1358 3293; x_wconf 90' lang='lat' dir='ltr'><strong>an</strong></span> 
     </span>
     <span class='ocr_line' id='line_1_27' title="bbox 221 3335 1357 3418; baseline -0.005 -18"><span class='ocrx_word' id='word_1_216' title='bbox 221 3342 354 3418; x_wconf 88' lang='lat' dir='ltr'><strong>denique</strong></span> <span class='ocrx_word' id='word_1_217' title='bbox 376 3340 435 3398; x_wconf 88' lang='lat' dir='ltr'><strong>alia</strong></span> <span class='ocrx_word' id='word_1_218' title='bbox 456 3337 571 3397; x_wconf 89' lang='lat' dir='ltr'><strong>scholia</strong></span> <span class='ocrx_word' id='word_1_219' title='bbox 602 3338 692 3396; x_wconf 87' lang='lat' dir='ltr'><strong>aliam</strong></span> <span class='ocrx_word' id='word_1_220' title='bbox 720 3337 868 3412; x_wconf 87' lang='lat' dir='ltr'><strong>originem</strong></span> <span class='ocrx_word' id='word_1_221' title='bbox 895 3335 1008 3396; x_wconf 88' lang='lat' dir='ltr'><strong>habere</strong></span> <span class='ocrx_word' id='word_1_222' title='bbox 1030 3345 1181 3410; x_wconf 88' lang='lat' dir='ltr'><strong>putemus.</strong></span> <span class='ocrx_word' id='word_1_223' title='bbox 1236 3336 1277 3394; x_wconf 88' lang='lat' dir='ltr'><strong>Et</strong></span> <span class='ocrx_word' id='word_1_224' title='bbox 1309 3337 1357 3394; x_wconf 92' lang='lat' dir='ltr'><strong>hic</strong></span> 
     </span>
     <span class='ocr_line' id='line_1_28' title="bbox 220 3413 1357 3519; baseline -0.006 -18"><span class='ocrx_word' id='word_1_225' title='bbox 220 3444 345 3519; x_wconf 91' lang='lat' dir='ltr'><strong>quidem</strong></span> <span class='ocrx_word' id='word_1_226' title='bbox 365 3441 454 3500; x_wconf 90' lang='lat' dir='ltr'><strong>nobis</strong></span> <span class='ocrx_word' id='word_1_227' title='bbox 476 3413 616 3499; x_wconf 74' lang='lat' dir='ltr'><strong>subvenit</strong></span> <span class='ocrx_word' id='word_1_228' title='bbox 636 3441 736 3515; x_wconf 88' lang='lat' dir='ltr'><strong>ipsum</strong></span> <span class='ocrx_word' id='word_1_229' title='bbox 758 3439 807 3500; x_wconf 90' lang='lat' dir='ltr'><strong>Et.</strong></span> <span class='ocrx_word' id='word_1_230' title='bbox 832 3438 884 3508; x_wconf 79' lang='lat' dir='ltr'><strong>M,</strong></span> <span class='ocrx_word' id='word_1_231' title='bbox 907 3439 959 3497; x_wconf 93' lang='lat' dir='ltr'><strong>ubi</strong></span> <span class='ocrx_word' id='word_1_232' title='bbox 981 3455 1131 3514; x_wconf 89' lang='lat' dir='ltr'><strong>persaepe</strong></span> <span class='ocrx_word' id='word_1_233' title='bbox 1152 3437 1183 3495; x_wconf 89' lang='lat' dir='ltr'><strong>in</strong></span> <span class='ocrx_word' id='word_1_234' title='bbox 1205 3437 1264 3494; x_wconf 85' lang='lat' dir='ltr'><strong>line</strong></span> <span class='ocrx_word' id='word_1_235' title='bbox 1287 3438 1357 3494; x_wconf 86' lang='lat' dir='ltr'><strong>lem·</strong></span> 
     </span>
     <span class='ocr_line' id='line_1_29' title="bbox 219 3537 1212 3617; baseline -0.004 -15"><span class='ocrx_word' id='word_1_236' title='bbox 219 3545 309 3602; x_wconf 84' lang='lat' dir='ltr'><strong>matis</strong></span> <span class='ocrx_word' id='word_1_237' title='bbox 331 3541 462 3601; x_wconf 85' lang='lat' dir='ltr'><strong>auctoris</strong></span> <span class='ocrx_word' id='word_1_238' title='bbox 484 3557 598 3598; x_wconf 89' lang='lat' dir='ltr'><strong>nomen</strong></span> <span class='ocrx_word' id='word_1_239' title='bbox 620 3541 695 3597; x_wconf 91' lang='lat' dir='ltr'><strong>addi</strong></span> <span class='ocrx_word' id='word_1_240' title='bbox 717 3541 898 3617; x_wconf 84' lang='lat' dir='ltr'><strong>gaudemus.</strong></span> <span class='ocrx_word' id='word_1_241' title='bbox 943 3537 1057 3598; x_wconf 84' lang='lat' dir='ltr'><strong>Confer</strong></span> <span class='ocrx_word' id='word_1_242' title='bbox 1079 3556 1212 3613; x_wconf 78' lang='lat' dir='ltr'><strong>quaesot</strong></span> 
     </span>
    </p>

    <p class='ocr_par' dir='ltr' id='par_1_8' title="bbox 219 3627 1422 4634">
     <span class='ocr_line' id='line_1_30' title="bbox 320 3627 1361 3720; baseline -0.002 -20"><span class='ocrx_word' id='word_1_243' title='bbox 320 3644 368 3703; x_wconf 87' lang='lat' dir='ltr'><strong>Et.</strong></span> <span class='ocrx_word' id='word_1_244' title='bbox 384 3643 425 3702; x_wconf 91' lang='lat' dir='ltr'><strong>M.</strong></span> <span class='ocrx_word' id='word_1_245' title='bbox 449 3644 476 3712; x_wconf 82' lang='lat'><strong>2,</strong></span> <span class='ocrx_word' id='word_1_246' title='bbox 500 3645 536 3702; x_wconf 95' lang='lat'><strong>11</strong></span> <span class='ocrx_word' id='word_1_247' title='bbox 561 3661 588 3699; x_wconf 89' lang='grc' dir='ltr'><strong>ν.</strong></span> <span class='ocrx_word' id='word_1_248' title='bbox 605 3627 792 3717; x_wconf 84' lang='grc' dir='ltr'>Ἀβαρνίδα·</span> <span class='ocrx_word' id='word_1_249' title='bbox 815 3633 896 3701; x_wconf 86' lang='grc' dir='ltr'>Οἷον</span> <span class='ocrx_word' id='word_1_250' title='bbox 912 3635 1111 3720; x_wconf 85' lang='grc' dir='ltr'>,,Περκώτην</span> <span class='ocrx_word' id='word_1_251' title='bbox 1133 3632 1161 3701; x_wconf 87' lang='grc' dir='ltr'><strong>δ’</strong></span> <span class='ocrx_word' id='word_1_252' title='bbox 1184 3636 1235 3700; x_wconf 83' lang='grc' dir='ltr'><strong>ἐπὶ</strong></span> <span class='ocrx_word' id='word_1_253' title='bbox 1256 3641 1295 3720; x_wconf 88' lang='grc' dir='ltr'><strong>τῇ</strong></span> <span class='ocrx_word' id='word_1_254' title='bbox 1310 3635 1361 3699; x_wconf 89' lang='grc' dir='ltr'><strong>καί</strong></span> 
     </span>
     <span class='ocr_line' id='line_1_31' title="bbox 219 3726 1359 3822; baseline -0.004 -16"><span class='ocrx_word' id='word_1_255' title='bbox 219 3741 392 3822; x_wconf 85' lang='grc' dir='ltr'>Ἀβαρνίδα</span> <span class='ocrx_word' id='word_1_256' title='bbox 414 3737 655 3818; x_wconf 84' lang='grc' dir='ltr'>ήμαθόεσσαν.“</span> <span class='ocrx_word' id='word_1_257' title='bbox 687 3737 844 3817; x_wconf 88' lang='grc' dir='ltr'>Περκώτη</span> <span class='ocrx_word' id='word_1_258' title='bbox 860 3738 896 3802; x_wconf 95' lang='grc' dir='ltr'><strong>δέ</strong></span> <span class='ocrx_word' id='word_1_259' title='bbox 910 3738 980 3802; x_wconf 81' lang='grc' dir='ltr'>ἐστι</span> <span class='ocrx_word' id='word_1_260' title='bbox 994 3737 1088 3815; x_wconf 85' lang='grc' dir='ltr'>πόλις</span> <span class='ocrx_word' id='word_1_261' title='bbox 1099 3737 1227 3817; x_wconf 89' lang='grc' dir='ltr'>Τροίας,</span> <span class='ocrx_word' id='word_1_262' title='bbox 1250 3726 1359 3817; x_wconf 84' lang='grc' dir='ltr'>Ἀβαρ·</span> 
     </span>
     <span class='ocr_line' id='line_1_32' title="bbox 221 3832 1358 3924; baseline -0.005 -17"><span class='ocrx_word' id='word_1_263' title='bbox 221 3843 270 3924; x_wconf 83' lang='grc' dir='ltr'><strong>νίς</strong></span> <span class='ocrx_word' id='word_1_264' title='bbox 292 3844 328 3906; x_wconf 83' lang='grc' dir='ltr'><strong>δὲ</strong></span> <span class='ocrx_word' id='word_1_265' title='bbox 351 3840 445 3921; x_wconf 80' lang='grc' dir='ltr'>πόλις</span> <span class='ocrx_word' id='word_1_266' title='bbox 467 3839 654 3920; x_wconf 83' lang='grc' dir='ltr'>Λαμψάκου.</span> <span class='ocrx_word' id='word_1_267' title='bbox 702 3832 884 3918; x_wconf 84' lang='grc' dir='ltr'>Ὠνομάσθη</span> <span class='ocrx_word' id='word_1_268' title='bbox 916 3839 953 3903; x_wconf 83' lang='grc' dir='ltr'><strong>δὲ</strong></span> <span class='ocrx_word' id='word_1_269' title='bbox 975 3837 1039 3903; x_wconf 86' lang='grc' dir='ltr'><strong>ἀπὸ</strong></span> <span class='ocrx_word' id='word_1_270' title='bbox 1068 3837 1220 3918; x_wconf 86' lang='grc' dir='ltr'>τοιαύτης</span> <span class='ocrx_word' id='word_1_271' title='bbox 1244 3837 1358 3918; x_wconf 89' lang='grc' dir='ltr'>αἰτίας.</span> 
     </span>
     <span class='ocr_line' id='line_1_33' title="bbox 221 3933 1359 4024; baseline -0.007 -14"><span class='ocrx_word' id='word_1_272' title='bbox 221 3943 388 4010; x_wconf 86' lang='grc' dir='ltr'>Διονύσου</span> <span class='ocrx_word' id='word_1_273' title='bbox 410 3942 587 4022; x_wconf 85' lang='grc' dir='ltr'>ἐρασθεῖσα</span> <span class='ocrx_word' id='word_1_274' title='bbox 602 3933 773 4021; x_wconf 86' lang='grc' dir='ltr'>Ἀφροδίτη</span> <span class='ocrx_word' id='word_1_275' title='bbox 797 3940 887 4019; x_wconf 85' lang='grc' dir='ltr'>ἐμίγη</span> <span class='ocrx_word' id='word_1_276' title='bbox 909 3939 1010 4024; x_wconf 84' lang='grc' dir='ltr'>αὐτῷ·</span> <span class='ocrx_word' id='word_1_277' title='bbox 1033 3937 1308 4018; x_wconf 84' lang='grc' dir='ltr'>ἀναχωρήσαντος</span> <span class='ocrx_word' id='word_1_278' title='bbox 1324 3939 1359 4002; x_wconf 81' lang='grc' dir='ltr'><strong>δὲ</strong></span> 
     </span>
     <span class='ocr_line' id='line_1_34' title="bbox 220 4038 1359 4123; baseline -0.006 -12"><span class='ocrx_word' id='word_1_279' title='bbox 220 4046 338 4112; x_wconf 84' lang='grc' dir='ltr'>τούτου</span> <span class='ocrx_word' id='word_1_280' title='bbox 375 4043 420 4123; x_wconf 87' lang='grc' dir='ltr'><strong>εἰς</strong></span> <span class='ocrx_word' id='word_1_281' title='bbox 454 4043 512 4122; x_wconf 91' lang='grc' dir='ltr'><strong>τὴν</strong></span> <span class='ocrx_word' id='word_1_282' title='bbox 533 4042 680 4121; x_wconf 88' lang='grc' dir='ltr'>Μηδικὴν</span> <span class='ocrx_word' id='word_1_283' title='bbox 703 4042 844 4121; x_wconf 83' lang='grc' dir='ltr'>ἐγαμήθη</span> <span class='ocrx_word' id='word_1_284' title='bbox 866 4041 1025 4107; x_wconf 85' lang='grc' dir='ltr'>Ἀδώνιδι.</span> <span class='ocrx_word' id='word_1_285' title='bbox 1077 4038 1135 4119; x_wconf 85' lang='grc' dir='ltr'><strong>Ὡς</strong></span> <span class='ocrx_word' id='word_1_286' title='bbox 1165 4041 1202 4104; x_wconf 83' lang='grc' dir='ltr'><strong>δὲ</strong></span> <span class='ocrx_word' id='word_1_287' title='bbox 1223 4038 1359 4117; x_wconf 82' lang='grc' dir='ltr'>ήλθενδ</span> 
     </span>
     <span class='ocr_line' id='line_1_35' title="bbox 222 4139 1359 4228; baseline -0.008 -15"><span class='ocrx_word' id='word_1_288' title='bbox 222 4147 400 4226; x_wconf 89' lang='grc' dir='ltr'>Διόνυσος,</span> <span class='ocrx_word' id='word_1_289' title='bbox 422 4145 587 4225; x_wconf 85' lang='grc' dir='ltr'>στέφανον</span> <span class='ocrx_word' id='word_1_290' title='bbox 607 4144 774 4224; x_wconf 88' lang='grc' dir='ltr'>ποιήσασα</span> <span class='ocrx_word' id='word_1_291' title='bbox 797 4142 982 4224; x_wconf 87' lang='grc' dir='ltr'>ἀπήντησεν</span> <span class='ocrx_word' id='word_1_292' title='bbox 1005 4141 1101 4228; x_wconf 83' lang='grc' dir='ltr'>αὐτῷ.</span> <span class='ocrx_word' id='word_1_293' title='bbox 1153 4139 1293 4205; x_wconf 87' lang='grc' dir='ltr'>Ἤιδεῖτο</span> <span class='ocrx_word' id='word_1_294' title='bbox 1325 4142 1359 4205; x_wconf 83' lang='grc' dir='ltr'><strong>δὲ</strong></span> 
     </span>
     <span class='ocr_line' id='line_1_36' title="bbox 221 4240 1359 4331; baseline -0.008 -17"><span class='ocrx_word' id='word_1_295' title='bbox 221 4247 440 4325; x_wconf 87' lang='grc' dir='ltr'>ἀκολουθῆσαι</span> <span class='ocrx_word' id='word_1_296' title='bbox 463 4244 550 4331; x_wconf 83' lang='grc' dir='ltr'>αὐτῷ</span> <span class='ocrx_word' id='word_1_297' title='bbox 571 4245 625 4310; x_wconf 87' lang='grc' dir='ltr'><strong>διὰ</strong></span> <span class='ocrx_word' id='word_1_298' title='bbox 645 4245 684 4309; x_wconf 89' lang='grc' dir='ltr'><strong>τὸ</strong></span> <span class='ocrx_word' id='word_1_299' title='bbox 705 4247 915 4323; x_wconf 87' lang='grc' dir='ltr'>γεγαμῆσθαι.</span> <span class='ocrx_word' id='word_1_300' title='bbox 960 4243 1007 4323; x_wconf 84' lang='grc' dir='ltr'><strong>εἰς</strong></span> <span class='ocrx_word' id='word_1_301' title='bbox 1028 4246 1064 4310; x_wconf 85' lang='grc' dir='ltr'><strong>δὲ</strong></span> <span class='ocrx_word' id='word_1_302' title='bbox 1085 4241 1265 4322; x_wconf 86' lang='grc' dir='ltr'>Λάμψακον</span> <span class='ocrx_word' id='word_1_303' title='bbox 1287 4240 1359 4306; x_wconf 90' lang='grc' dir='ltr'>ἀνα-</span> 
     </span>
     <span class='ocr_line' id='line_1_37' title="bbox 222 4342 1357 4430; baseline -0.006 -15"><span class='ocrx_word' id='word_1_304' title='bbox 222 4351 403 4430; x_wconf 85' lang='grc' dir='ltr'>χωρήσασα</span> <span class='ocrx_word' id='word_1_305' title='bbox 423 4348 461 4412; x_wconf 89' lang='grc' dir='ltr'><strong>τὸ</strong></span> <span class='ocrx_word' id='word_1_306' title='bbox 484 4348 516 4413; x_wconf 81' lang='grc' dir='ltr'><strong>ἐξ</strong></span> <span class='ocrx_word' id='word_1_307' title='bbox 538 4347 638 4413; x_wconf 86' lang='grc' dir='ltr'>αὐτοῦ</span> <span class='ocrx_word' id='word_1_308' title='bbox 661 4346 930 4426; x_wconf 83' lang='grc' dir='ltr'>κνοιρορούμενον</span> <span class='ocrx_word' id='word_1_309' title='bbox 962 4347 1114 4427; x_wconf 83' lang='grc' dir='ltr'>ἐβούλετο</span> <span class='ocrx_word' id='word_1_310' title='bbox 1149 4343 1282 4410; x_wconf 83' lang='grc' dir='ltr'>ἀνελεῖν.</span> <span class='ocrx_word' id='word_1_311' title='bbox 1326 4342 1357 4408; x_wconf 93' lang='grc' dir='ltr'>Ἡ</span> 
     </span>
     <span class='ocr_line' id='line_1_38' title="bbox 222 4447 1359 4533; baseline -0.006 -16"><span class='ocrx_word' id='word_1_312' title='bbox 222 4455 259 4518; x_wconf 81' lang='grc' dir='ltr'><strong>δὲ</strong></span> <span class='ocrx_word' id='word_1_313' title='bbox 289 4451 373 4531; x_wconf 91' lang='grc' dir='ltr'><strong>Ἥρα</strong></span> <span class='ocrx_word' id='word_1_314' title='bbox 405 4451 658 4530; x_wconf 80' lang='grc' dir='ltr'>Ζηλοτυπήσασα</span> <span class='ocrx_word' id='word_1_315' title='bbox 685 4449 904 4533; x_wconf 87' lang='grc' dir='ltr'>μεμαγευμένη</span> <span class='ocrx_word' id='word_1_316' title='bbox 936 4455 974 4532; x_wconf 85' lang='grc' dir='ltr'><strong>τῇ</strong></span> <span class='ocrx_word' id='word_1_317' title='bbox 1009 4448 1088 4528; x_wconf 88' lang='grc' dir='ltr'>χειρὶ</span> <span class='ocrx_word' id='word_1_318' title='bbox 1120 4447 1273 4527; x_wconf 82' lang='grc' dir='ltr'>ἐφήψατο</span> <span class='ocrx_word' id='word_1_319' title='bbox 1305 4451 1359 4524; x_wconf 87' lang='grc' dir='ltr'><strong>τής</strong></span> 
     </span>
     <span class='ocr_line' id='line_1_39' title="bbox 222 4547 1422 4634; baseline -0.006 -15"><span class='ocrx_word' id='word_1_320' title='bbox 222 4553 364 4633; x_wconf 88' lang='grc' dir='ltr'>γαστρὸς</span> <span class='ocrx_word' id='word_1_321' title='bbox 387 4553 560 4633; x_wconf 78' lang='grc' dir='ltr'>αὐτῆςναί</span> <span class='ocrx_word' id='word_1_322' title='bbox 582 4551 734 4634; x_wconf 83' lang='grc' dir='ltr'>ἐποίησεν</span> <span class='ocrx_word' id='word_1_323' title='bbox 756 4550 857 4628; x_wconf 85' lang='grc' dir='ltr'>αὐτὴν</span> <span class='ocrx_word' id='word_1_324' title='bbox 881 4553 984 4617; x_wconf 81' lang='grc' dir='ltr'>τεκεῖν</span> <span class='ocrx_word' id='word_1_325' title='bbox 1012 4552 1123 4628; x_wconf 85' lang='grc' dir='ltr'>παῖδα,</span> <span class='ocrx_word' id='word_1_326' title='bbox 1155 4547 1194 4614; x_wconf 87' lang='grc' dir='ltr'><strong>ὃν</strong></span> <span class='ocrx_word' id='word_1_327' title='bbox 1214 4547 1359 4630; x_wconf 88' lang='grc' dir='ltr'>Πρίηπον</span> <span class='ocrx_word' id='word_1_328' title='bbox 1419 4623 1422 4630; x_wconf 24' lang='lat'><strong>⁴</strong></span> 
     </span>
    </p>
   </div>
   <div class='ocr_carea' id='block_1_6' title="bbox 0 0 1480 4916">
    <p class='ocr_par' dir='ltr' id='par_1_9' title="bbox 0 0 1480 4916">
     <span class='ocr_line' id='line_1_40' title="bbox 0 0 1480 4916; baseline 0 0"><span class='ocrx_word' id='word_1_329' title='bbox 0 0 1480 4916; x_wconf 95' lang='lat' dir='ltr'><strong> </strong></span> 
     </span>
    </p>
   </div>
  </div>
 </body>
</html>
