<?xml version="1.0" encoding="UTF-8"?>
<!DOCTYPE html PUBLIC "-//W3C//DTD XHTML 1.0 Transitional//EN"
    "http://www.w3.org/TR/xhtml1/DTD/xhtml1-transitional.dtd">
<html xmlns="http://www.w3.org/1999/xhtml" xml:lang="en" lang="en">
 <head>
  <title>
</title>
<meta http-equiv="Content-Type" content="text/html;charset=utf-8" />
  <meta name='ocr-system' content='tesseract 3.04.00' />
  <meta name='ocr-capabilities' content='ocr_page ocr_carea ocr_par ocr_line ocrx_word'/>
</head>
<body>
  <div class='ocr_page' id='page_1' title='image "./descholiisinapo00bercgoog_0045.png"; bbox 0 0 2938 4922; ppageno 0'>
   <div class='ocr_carea' id='block_1_1' title="bbox 772 217 808 278">
    <p class='ocr_par' dir='ltr' id='par_1_1' title="bbox 772 217 808 278">
     <span class='ocr_line' id='line_1_1' title="bbox 772 217 808 278; baseline 0 0"><span class='ocrx_word' id='word_1_1' title='bbox 772 217 808 278; x_wconf 83' lang='lat' dir='ltr'>to</span> 
     </span>
    </p>
   </div>
   <div class='ocr_carea' id='block_1_2' title="bbox 218 391 1363 1182">
    <p class='ocr_par' dir='ltr' id='par_1_2' title="bbox 374 391 1204 476">
     <span class='ocr_line' id='line_1_2' title="bbox 374 391 1204 476; baseline 0.001 -19"><span class='ocrx_word' id='word_1_2' title='bbox 374 399 422 460; x_wconf 88' lang='lat' dir='ltr'>Et.</span> <span class='ocrx_word' id='word_1_3' title='bbox 446 397 486 458; x_wconf 90' lang='lat' dir='ltr'>M.</span> <span class='ocrx_word' id='word_1_4' title='bbox 510 399 579 467; x_wconf 83' lang='grc'>675,</span> <span class='ocrx_word' id='word_1_5' title='bbox 602 394 641 456; x_wconf 86' lang='grc'>34</span> <span class='ocrx_word' id='word_1_6' title='bbox 664 417 690 458; x_wconf 90' lang='lat' dir='ltr'>v.</span> <span class='ocrx_word' id='word_1_7' title='bbox 715 393 838 474; x_wconf 87' lang='grc' dir='ltr'>Πλειάς</span> <span class='ocrx_word' id='word_1_8' title='bbox 861 391 948 474; x_wconf 89' lang='lat' dir='ltr'>(add.</span> <span class='ocrx_word' id='word_1_9' title='bbox 974 397 1047 460; x_wconf 88' lang='lat' dir='ltr'>Mill.</span> <span class='ocrx_word' id='word_1_10' title='bbox 1069 418 1098 476; x_wconf 90' lang='lat' dir='ltr'>p.</span> <span class='ocrx_word' id='word_1_11' title='bbox 1122 397 1204 476; x_wconf 81' lang='grc'>247).</span> 
     </span>
    </p>

    <p class='ocr_par' dir='ltr' id='par_1_3' title="bbox 218 489 1363 1182">
     <span class='ocr_line' id='line_1_3' title="bbox 318 489 1361 576; baseline 0 -16"><span class='ocrx_word' id='word_1_12' title='bbox 318 489 375 574; x_wconf 89' lang='grc' dir='ltr'>Ὡς</span> <span class='ocrx_word' id='word_1_13' title='bbox 398 496 434 560; x_wconf 87' lang='grc' dir='ltr'>ἐκ</span> <span class='ocrx_word' id='word_1_14' title='bbox 448 493 606 560; x_wconf 92' lang='grc' dir='ltr'>πλειόνων</span> <span class='ocrx_word' id='word_1_15' title='bbox 627 492 775 574; x_wconf 82' lang='grc' dir='ltr'>ἀστέρων</span> <span class='ocrx_word' id='word_1_16' title='bbox 798 494 892 560; x_wconf 87' lang='grc' dir='ltr'>οὖσα.</span> <span class='ocrx_word' id='word_1_17' title='bbox 935 494 1056 576; x_wconf 80' lang='grc' dir='ltr'>Πλειὰς</span> <span class='ocrx_word' id='word_1_18' title='bbox 1074 494 1141 560; x_wconf 89' lang='grc' dir='ltr'>ἀπὸ</span> <span class='ocrx_word' id='word_1_19' title='bbox 1160 500 1218 576; x_wconf 86' lang='grc' dir='ltr'>τῆς</span> <span class='ocrx_word' id='word_1_20' title='bbox 1241 496 1361 575; x_wconf 90' lang='grc' dir='ltr'>Πληιό-</span> 
     </span>
     <span class='ocr_line' id='line_1_4' title="bbox 219 591 1359 688; baseline 0.001 -28"><span class='ocrx_word' id='word_1_21' title='bbox 219 617 286 676; x_wconf 91' lang='grc' dir='ltr'>νης,</span> <span class='ocrx_word' id='word_1_22' title='bbox 309 591 551 688; x_wconf 78' lang='grc' dir='ltr'>θυγατρὸςμέν</span> <span class='ocrx_word' id='word_1_23' title='bbox 562 593 727 673; x_wconf 88' lang='grc' dir='ltr'>Ὠκεανοῦ,</span> <span class='ocrx_word' id='word_1_24' title='bbox 749 597 899 675; x_wconf 89' lang='grc' dir='ltr'>γυναικὸς</span> <span class='ocrx_word' id='word_1_25' title='bbox 921 598 957 662; x_wconf 86' lang='grc' dir='ltr'>δέ</span> <span class='ocrx_word' id='word_1_26' title='bbox 980 595 1170 677; x_wconf 87' lang='grc' dir='ltr'>Ἄτλαντος.</span> <span class='ocrx_word' id='word_1_27' title='bbox 1215 598 1298 675; x_wconf 81' lang='grc' dir='ltr'>λέγει</span> <span class='ocrx_word' id='word_1_28' title='bbox 1322 599 1359 662; x_wconf 78' lang='grc' dir='ltr'>δέ</span> 
     </span>
     <span class='ocr_line' id='line_1_5' title="bbox 220 697 1362 780; baseline 0.002 -18"><span class='ocrx_word' id='word_1_29' title='bbox 220 699 387 776; x_wconf 87' lang='grc' dir='ltr'>Πίνδαρος</span> <span class='ocrx_word' id='word_1_30' title='bbox 408 697 480 775; x_wconf 87' lang='grc' dir='ltr'>περὶ</span> <span class='ocrx_word' id='word_1_31' title='bbox 501 700 559 762; x_wconf 89' lang='grc' dir='ltr'>τοῦ</span> <span class='ocrx_word' id='word_1_32' title='bbox 582 702 841 777; x_wconf 88' lang='grc' dir='ltr'>καταστερισμοῦ</span> <span class='ocrx_word' id='word_1_33' title='bbox 865 698 981 772; x_wconf 81' lang='grc' dir='ltr'>αὐτῶν,</span> <span class='ocrx_word' id='word_1_34' title='bbox 1013 699 1063 764; x_wconf 88' lang='grc' dir='ltr'>ὅτι</span> <span class='ocrx_word' id='word_1_35' title='bbox 1090 704 1149 780; x_wconf 87' lang='grc' dir='ltr'>τῆς</span> <span class='ocrx_word' id='word_1_36' title='bbox 1173 699 1362 780; x_wconf 92' lang='grc' dir='ltr'>Πληνιόνης</span> 
     </span>
     <span class='ocr_line' id='line_1_6' title="bbox 219 798 1363 880; baseline 0.002 -16"><span class='ocrx_word' id='word_1_37' title='bbox 219 798 441 878; x_wconf 86' lang='grc' dir='ltr'>πορευομένης</span> <span class='ocrx_word' id='word_1_38' title='bbox 462 799 542 877; x_wconf 84' lang='grc' dir='ltr'>μετὰ</span> <span class='ocrx_word' id='word_1_39' title='bbox 564 801 628 864; x_wconf 88' lang='grc' dir='ltr'>τῶν</span> <span class='ocrx_word' id='word_1_40' title='bbox 649 800 834 878; x_wconf 83' lang='grc' dir='ltr'>θυγατέρων</span> <span class='ocrx_word' id='word_1_41' title='bbox 857 801 938 865; x_wconf 90' lang='grc' dir='ltr'>κατὰ</span> <span class='ocrx_word' id='word_1_42' title='bbox 953 801 1012 879; x_wconf 85' lang='grc' dir='ltr'>τὴν</span> <span class='ocrx_word' id='word_1_43' title='bbox 1029 800 1185 866; x_wconf 87' lang='grc' dir='ltr'>Βοιωτίαν</span> <span class='ocrx_word' id='word_1_44' title='bbox 1202 807 1363 880; x_wconf 86' lang='grc' dir='ltr'>συναντῆ-</span> 
     </span>
     <span class='ocr_line' id='line_1_7' title="bbox 221 889 1362 982; baseline 0 -16"><span class='ocrx_word' id='word_1_45' title='bbox 221 917 276 966; x_wconf 89' lang='grc' dir='ltr'>σαι</span> <span class='ocrx_word' id='word_1_46' title='bbox 299 900 378 982; x_wconf 85' lang='grc' dir='ltr'>αὐτῇ</span> <span class='ocrx_word' id='word_1_47' title='bbox 401 889 551 980; x_wconf 91' lang='grc' dir='ltr'>Ὠρίωνα·</span> <span class='ocrx_word' id='word_1_48' title='bbox 589 897 656 966; x_wconf 89' lang='grc' dir='ltr'>είτα</span> <span class='ocrx_word' id='word_1_49' title='bbox 691 900 841 980; x_wconf 86' lang='grc' dir='ltr'>ἐρασθεὶς</span> <span class='ocrx_word' id='word_1_50' title='bbox 868 899 998 980; x_wconf 88' lang='grc' dir='ltr'>ὥρμησε</span> <span class='ocrx_word' id='word_1_51' title='bbox 1034 902 1117 981; x_wconf 89' lang='grc' dir='ltr'>πρὸς</span> <span class='ocrx_word' id='word_1_52' title='bbox 1146 902 1184 967; x_wconf 87' lang='grc' dir='ltr'>τὸ</span> <span class='ocrx_word' id='word_1_53' title='bbox 1206 901 1362 981; x_wconf 86' lang='grc' dir='ltr'>ἁρπάσαι.</span> 
     </span>
     <span class='ocr_line' id='line_1_8' title="bbox 218 1001 1363 1082; baseline 0 -14"><span class='ocrx_word' id='word_1_54' title='bbox 218 1003 278 1082; x_wconf 86' lang='grc' dir='ltr'>τήν</span> <span class='ocrx_word' id='word_1_55' title='bbox 299 1003 335 1068; x_wconf 83' lang='grc' dir='ltr'>δέ</span> <span class='ocrx_word' id='word_1_56' title='bbox 357 1003 546 1082; x_wconf 85' lang='grc' dir='ltr'>φεύγουσαν</span> <span class='ocrx_word' id='word_1_57' title='bbox 573 1003 652 1080; x_wconf 86' lang='grc' dir='ltr'>μετὰ</span> <span class='ocrx_word' id='word_1_58' title='bbox 679 1007 744 1065; x_wconf 85' lang='grc' dir='ltr'>τῶν</span> <span class='ocrx_word' id='word_1_59' title='bbox 773 1005 957 1082; x_wconf 88' lang='grc' dir='ltr'>θυγατέρων</span> <span class='ocrx_word' id='word_1_60' title='bbox 976 1001 1094 1082; x_wconf 81' lang='grc' dir='ltr'>Ὠρίων</span> <span class='ocrx_word' id='word_1_61' title='bbox 1115 1004 1241 1068; x_wconf 81' lang='grc' dir='ltr'>ἐδίωκε·</span> <span class='ocrx_word' id='word_1_62' title='bbox 1274 1005 1363 1079; x_wconf 91' lang='grc' dir='ltr'>γενέ-</span> 
     </span>
     <span class='ocr_line' id='line_1_9' title="bbox 219 1102 1363 1182; baseline 0 -12"><span class='ocrx_word' id='word_1_63' title='bbox 219 1109 295 1170; x_wconf 90' lang='grc' dir='ltr'>σθαι</span> <span class='ocrx_word' id='word_1_64' title='bbox 314 1105 350 1168; x_wconf 80' lang='grc' dir='ltr'>δέ</span> <span class='ocrx_word' id='word_1_65' title='bbox 374 1103 480 1168; x_wconf 85' lang='grc' dir='ltr'>αὐτῶν</span> <span class='ocrx_word' id='word_1_66' title='bbox 502 1102 560 1166; x_wconf 89' lang='grc' dir='ltr'>τὸν</span> <span class='ocrx_word' id='word_1_67' title='bbox 581 1102 703 1182; x_wconf 83' lang='grc' dir='ltr'>δρόμον</span> <span class='ocrx_word' id='word_1_68' title='bbox 723 1102 819 1168; x_wconf 82' lang='grc' dir='ltr'>πέντε</span> <span class='ocrx_word' id='word_1_69' title='bbox 842 1102 896 1180; x_wconf 85' lang='grc' dir='ltr'>ἔτη</span> <span class='ocrx_word' id='word_1_70' title='bbox 919 1102 1139 1169; x_wconf 80' lang='grc' dir='ltr'>ἀδιάλειπτον·</span> <span class='ocrx_word' id='word_1_71' title='bbox 1163 1105 1220 1170; x_wconf 88' lang='grc' dir='ltr'>τὸν</span> <span class='ocrx_word' id='word_1_72' title='bbox 1242 1107 1278 1170; x_wconf 82' lang='grc' dir='ltr'>δὲ</span> <span class='ocrx_word' id='word_1_73' title='bbox 1293 1104 1363 1170; x_wconf 88' lang='grc' dir='ltr'>Δία</span> 
     </span>
    </p>
   </div>
   <div class='ocr_carea' id='block_1_3' title="bbox 219 1203 1364 1600">
    <p class='ocr_par' dir='ltr' id='par_1_4' title="bbox 219 1203 1364 1589">
     <span class='ocr_line' id='line_1_10' title="bbox 220 1203 1363 1285; baseline 0.001 -16"><span class='ocrx_word' id='word_1_74' title='bbox 220 1205 272 1270; x_wconf 89' lang='grc' dir='ltr'>διὰ</span> <span class='ocrx_word' id='word_1_75' title='bbox 291 1205 349 1282; x_wconf 81' lang='grc' dir='ltr'>τὴν</span> <span class='ocrx_word' id='word_1_76' title='bbox 371 1203 585 1269; x_wconf 88' lang='grc' dir='ltr'>κακοπάθειαν</span> <span class='ocrx_word' id='word_1_77' title='bbox 608 1203 717 1268; x_wconf 86' lang='grc' dir='ltr'>αὐτῶν</span> <span class='ocrx_word' id='word_1_78' title='bbox 740 1203 840 1272; x_wconf 86' lang='grc' dir='ltr'>οἱονεὶ</span> <span class='ocrx_word' id='word_1_79' title='bbox 861 1205 1008 1283; x_wconf 86' lang='grc' dir='ltr'>μνήματα</span> <span class='ocrx_word' id='word_1_80' title='bbox 1032 1206 1280 1285; x_wconf 88' lang='grc' dir='ltr'>κατηστερίσθαι</span> <span class='ocrx_word' id='word_1_81' title='bbox 1301 1206 1363 1285; x_wconf 87' lang='grc' dir='ltr'>τὰς</span> 
     </span>
     <span class='ocr_line' id='line_1_11' title="bbox 219 1305 1363 1387; baseline 0.002 -17"><span class='ocrx_word' id='word_1_82' title='bbox 219 1305 382 1384; x_wconf 88' lang='grc' dir='ltr'>Πλειάδας</span> <span class='ocrx_word' id='word_1_83' title='bbox 405 1306 594 1384; x_wconf 85' lang='grc' dir='ltr'>φευγούσας</span> <span class='ocrx_word' id='word_1_84' title='bbox 616 1307 674 1370; x_wconf 88' lang='grc' dir='ltr'>τὸν</span> <span class='ocrx_word' id='word_1_85' title='bbox 697 1305 843 1384; x_wconf 89' lang='grc' dir='ltr'>Ὠρίωνα,</span> <span class='ocrx_word' id='word_1_86' title='bbox 875 1305 914 1387; x_wconf 89' lang='grc' dir='ltr'>ός</span> <span class='ocrx_word' id='word_1_87' title='bbox 937 1307 1026 1372; x_wconf 92' lang='grc' dir='ltr'>έστιν</span> <span class='ocrx_word' id='word_1_88' title='bbox 1048 1306 1205 1385; x_wconf 82' lang='grc' dir='ltr'>ἐνιαυτός.</span> <span class='ocrx_word' id='word_1_89' title='bbox 1239 1322 1363 1386; x_wconf 91' lang='grc' dir='ltr'>σημαν-</span> 
     </span>
     <span class='ocr_line' id='line_1_12' title="bbox 220 1397 1364 1487; baseline 0 -17"><span class='ocrx_word' id='word_1_90' title='bbox 220 1406 302 1470; x_wconf 89' lang='grc' dir='ltr'>τικαί</span> <span class='ocrx_word' id='word_1_91' title='bbox 330 1407 366 1471; x_wconf 84' lang='grc' dir='ltr'>δέ</span> <span class='ocrx_word' id='word_1_92' title='bbox 394 1406 445 1469; x_wconf 91' lang='grc' dir='ltr'>καὶ</span> <span class='ocrx_word' id='word_1_93' title='bbox 472 1407 587 1486; x_wconf 89' lang='grc' dir='ltr'>θέρους</span> <span class='ocrx_word' id='word_1_94' title='bbox 609 1407 661 1470; x_wconf 87' lang='grc' dir='ltr'>καί</span> <span class='ocrx_word' id='word_1_95' title='bbox 683 1411 838 1486; x_wconf 86' lang='grc' dir='ltr'>χειμῶνος</span> <span class='ocrx_word' id='word_1_96' title='bbox 863 1405 965 1473; x_wconf 86' lang='grc' dir='ltr'>αὗται.</span> <span class='ocrx_word' id='word_1_97' title='bbox 1024 1397 1242 1487; x_wconf 83' lang='grc' dir='ltr'>Ἀπολλώνιος</span> <span class='ocrx_word' id='word_1_98' title='bbox 1274 1406 1293 1471; x_wconf 92' lang='grc' dir='ltr'>δ</span> <span class='ocrx_word' id='word_1_99' title='bbox 1321 1407 1364 1470; x_wconf 88' lang='grc' dir='ltr'>τὰ</span> 
     </span>
     <span class='ocr_line' id='line_1_13' title="bbox 222 1497 1073 1600; baseline 0.001 -27"><span class='ocrx_word' id='word_1_100' title='bbox 222 1497 463 1588; x_wconf 83' lang='grc' dir='ltr'>Ἀργοναυτικά.</span> <span class='ocrx_word' id='word_1_101' title='bbox 488 1509 506 1572; x_wconf 96' lang='lat'><em>6</em></span> <span class='ocrx_word' id='word_1_102' title='bbox 530 1510 566 1573; x_wconf 83' lang='grc' dir='ltr'>δὲ</span> <span class='ocrx_word' id='word_1_103' title='bbox 587 1506 689 1589; x_wconf 91' lang='grc' dir='ltr'>Ωρος</span> <span class='ocrx_word' id='word_1_104' title='bbox 708 1511 795 1600; x_wconf 84' lang='grc' dir='ltr'>παρὰ</span> <span class='ocrx_word' id='word_1_105' title='bbox 817 1508 855 1574; x_wconf 85' lang='grc' dir='ltr'>τὸ</span> <span class='ocrx_word' id='word_1_106' title='bbox 874 1512 985 1575; x_wconf 87' lang='grc' dir='ltr'>πλεῖον</span> <span class='ocrx_word' id='word_1_107' title='bbox 1008 1513 1073 1574; x_wconf 88' lang='grc' dir='ltr'>κτλ.</span> 
     </span>
    </p>
   </div>
   <div class='ocr_carea' id='block_1_4' title="bbox 218 1655 1364 2654">
    <p class='ocr_par' dir='ltr' id='par_1_5' title="bbox 620 1655 1060 1739">
     <span class='ocr_line' id='line_1_14' title="bbox 620 1655 1060 1739; baseline 0.007 -17"><span class='ocrx_word' id='word_1_108' title='bbox 620 1663 720 1726; x_wconf 88' lang='lat' dir='ltr'>Schol.</span> <span class='ocrx_word' id='word_1_109' title='bbox 744 1665 802 1739; x_wconf 87' lang='lat' dir='ltr'>Ap</span> <span class='ocrx_word' id='word_1_110' title='bbox 826 1665 869 1722; x_wconf 88' lang='grc' dir='ltr'>ΙΙΙ</span> <span class='ocrx_word' id='word_1_111' title='bbox 892 1667 961 1725; x_wconf 84' lang='grc'>225.</span> <span class='ocrx_word' id='word_1_112' title='bbox 1022 1655 1024 1662; x_wconf 52' lang='lat'><em>&#39;</em></span> <span class='ocrx_word' id='word_1_113' title='bbox 1058 1677 1060 1686; x_wconf 82' lang='grc'>’</span> 
     </span>
    </p>

    <p class='ocr_par' dir='ltr' id='par_1_6' title="bbox 218 1745 1364 2654">
     <span class='ocr_line' id='line_1_15' title="bbox 320 1745 1364 1844; baseline 0.002 -18"><span class='ocrx_word' id='word_1_114' title='bbox 320 1761 351 1826; x_wconf 85' lang='grc' dir='ltr'>αἱ</span> <span class='ocrx_word' id='word_1_115' title='bbox 383 1763 419 1826; x_wconf 82' lang='grc' dir='ltr'>δὲ</span> <span class='ocrx_word' id='word_1_116' title='bbox 440 1759 602 1840; x_wconf 89' lang='grc' dir='ltr'>Πληιάδες</span> <span class='ocrx_word' id='word_1_117' title='bbox 625 1760 793 1840; x_wconf 88' lang='grc' dir='ltr'>Πληιόνης</span> <span class='ocrx_word' id='word_1_118' title='bbox 825 1761 884 1842; x_wconf 86' lang='grc' dir='ltr'>τῆς</span> <span class='ocrx_word' id='word_1_119' title='bbox 899 1745 1061 1828; x_wconf 79' lang='grc' dir='ltr'>Ὠκεανοῦ</span> <span class='ocrx_word' id='word_1_120' title='bbox 1097 1762 1148 1826; x_wconf 90' lang='grc' dir='ltr'>καὶ</span> <span class='ocrx_word' id='word_1_121' title='bbox 1169 1761 1364 1844; x_wconf 85' lang='grc' dir='ltr'>Ἄτλαντος,</span> 
     </span>
     <span class='ocr_line' id='line_1_16' title="bbox 219 1862 1363 1945; baseline 0 -14"><span class='ocrx_word' id='word_1_122' title='bbox 219 1865 264 1945; x_wconf 88' lang='grc' dir='ltr'>ιίις</span> <span class='ocrx_word' id='word_1_123' title='bbox 287 1864 344 1943; x_wconf 92' lang='grc' dir='ltr'>μέν</span> <span class='ocrx_word' id='word_1_124' title='bbox 365 1883 460 1943; x_wconf 87' lang='grc' dir='ltr'>πνες,</span> <span class='ocrx_word' id='word_1_125' title='bbox 484 1863 550 1928; x_wconf 86' lang='grc' dir='ltr'>άπὸ</span> <span class='ocrx_word' id='word_1_126' title='bbox 571 1869 630 1942; x_wconf 85' lang='grc' dir='ltr'>τῆς</span> <span class='ocrx_word' id='word_1_127' title='bbox 652 1864 773 1943; x_wconf 87' lang='grc' dir='ltr'>μητρὸς</span> <span class='ocrx_word' id='word_1_128' title='bbox 797 1862 896 1942; x_wconf 85' lang='grc' dir='ltr'>ἔσχον</span> <span class='ocrx_word' id='word_1_129' title='bbox 918 1864 976 1942; x_wconf 87' lang='grc' dir='ltr'>τὴν</span> <span class='ocrx_word' id='word_1_130' title='bbox 991 1864 1180 1943; x_wconf 84' lang='grc' dir='ltr'>ἐπωνυμίαν.</span> <span class='ocrx_word' id='word_1_131' title='bbox 1203 1864 1363 1944; x_wconf 85' lang='grc' dir='ltr'>ἢμᾱλλον</span> 
     </span>
     <span class='ocr_line' id='line_1_17' title="bbox 220 1965 1364 2048; baseline 0 -16"><span class='ocrx_word' id='word_1_132' title='bbox 220 1967 307 2048; x_wconf 86' lang='grc' dir='ltr'>παρὰ</span> <span class='ocrx_word' id='word_1_133' title='bbox 336 1966 395 2031; x_wconf 89' lang='grc' dir='ltr'>τὸν</span> <span class='ocrx_word' id='word_1_134' title='bbox 422 1969 571 2040; x_wconf 87' lang='grc' dir='ltr'>πλειιῦνα,</span> <span class='ocrx_word' id='word_1_135' title='bbox 607 1965 626 2029; x_wconf 92' lang='grc' dir='ltr'>ό</span> <span class='ocrx_word' id='word_1_136' title='bbox 659 1966 748 2030; x_wconf 85' lang='grc' dir='ltr'>ἐστιν</span> <span class='ocrx_word' id='word_1_137' title='bbox 769 1965 926 2045; x_wconf 86' lang='grc' dir='ltr'>ἐνιαυτός.</span> <span class='ocrx_word' id='word_1_138' title='bbox 950 1967 1141 2044; x_wconf 88' lang='grc' dir='ltr'>σημαντικαί</span> <span class='ocrx_word' id='word_1_139' title='bbox 1172 1968 1233 2046; x_wconf 87' lang='grc' dir='ltr'>γὰρ</span> <span class='ocrx_word' id='word_1_140' title='bbox 1268 1965 1364 2032; x_wconf 90' lang='grc' dir='ltr'>αῦται</span> 
     </span>
     <span class='ocr_line' id='line_1_18' title="bbox 219 2064 1363 2148; baseline 0 -14"><span class='ocrx_word' id='word_1_141' title='bbox 219 2069 271 2134; x_wconf 86' lang='grc' dir='ltr'>καὶ</span> <span class='ocrx_word' id='word_1_142' title='bbox 294 2071 452 2148; x_wconf 84' lang='grc' dir='ltr'>χειμῶνος</span> <span class='ocrx_word' id='word_1_143' title='bbox 474 2066 527 2131; x_wconf 80' lang='grc' dir='ltr'>καί</span> <span class='ocrx_word' id='word_1_144' title='bbox 549 2067 673 2147; x_wconf 87' lang='grc' dir='ltr'>θέρους.</span> <span class='ocrx_word' id='word_1_145' title='bbox 702 2064 795 2131; x_wconf 90' lang='grc' dir='ltr'>αύται</span> <span class='ocrx_word' id='word_1_146' title='bbox 823 2067 859 2131; x_wconf 82' lang='grc' dir='ltr'>δέ</span> <span class='ocrx_word' id='word_1_147' title='bbox 883 2069 942 2144; x_wconf 92' lang='grc' dir='ltr'>τὴν</span> <span class='ocrx_word' id='word_1_148' title='bbox 965 2067 1113 2132; x_wconf 88' lang='grc' dir='ltr'>ἐναντίαν</span> <span class='ocrx_word' id='word_1_149' title='bbox 1148 2065 1198 2131; x_wconf 86' lang='grc' dir='ltr'>ἀεὶ</span> <span class='ocrx_word' id='word_1_150' title='bbox 1226 2068 1363 2147; x_wconf 88' lang='grc' dir='ltr'>πορείαν</span> 
     </span>
     <span class='ocr_line' id='line_1_19' title="bbox 218 2165 1361 2253; baseline 0 -20"><span class='ocrx_word' id='word_1_151' title='bbox 218 2171 385 2236; x_wconf 89' lang='grc' dir='ltr'>ποιοῦνται</span> <span class='ocrx_word' id='word_1_152' title='bbox 406 2173 451 2252; x_wconf 83' lang='grc' dir='ltr'>τῷ</span> <span class='ocrx_word' id='word_1_153' title='bbox 469 2165 607 2246; x_wconf 90' lang='grc' dir='ltr'>Ὠρίωνι.</span> <span class='ocrx_word' id='word_1_154' title='bbox 651 2170 851 2245; x_wconf 87' lang='grc' dir='ltr'>συναντῆσαι</span> <span class='ocrx_word' id='word_1_155' title='bbox 884 2169 946 2246; x_wconf 88' lang='grc' dir='ltr'>γὰρ</span> <span class='ocrx_word' id='word_1_156' title='bbox 982 2169 1108 2244; x_wconf 90' lang='grc' dir='ltr'>λέγεται</span> <span class='ocrx_word' id='word_1_157' title='bbox 1140 2174 1178 2252; x_wconf 82' lang='grc' dir='ltr'>τῇ</span> <span class='ocrx_word' id='word_1_158' title='bbox 1213 2167 1361 2253; x_wconf 86' lang='grc' dir='ltr'>Πληιόνῃ</span> 
     </span>
     <span class='ocr_line' id='line_1_20' title="bbox 219 2268 1362 2351; baseline -0.002 -15"><span class='ocrx_word' id='word_1_159' title='bbox 219 2271 297 2351; x_wconf 89' lang='grc' dir='ltr'>μετὰ</span> <span class='ocrx_word' id='word_1_160' title='bbox 317 2273 383 2334; x_wconf 86' lang='grc' dir='ltr'>τῶν</span> <span class='ocrx_word' id='word_1_161' title='bbox 403 2268 589 2348; x_wconf 90' lang='grc' dir='ltr'>θυγατέρων</span> <span class='ocrx_word' id='word_1_162' title='bbox 610 2269 692 2333; x_wconf 86' lang='grc' dir='ltr'>κατά</span> <span class='ocrx_word' id='word_1_163' title='bbox 715 2268 773 2346; x_wconf 88' lang='grc' dir='ltr'>τὴν</span> <span class='ocrx_word' id='word_1_164' title='bbox 796 2269 959 2349; x_wconf 84' lang='grc' dir='ltr'>Βοιωτίαν,</span> <span class='ocrx_word' id='word_1_165' title='bbox 979 2269 1032 2334; x_wconf 85' lang='grc' dir='ltr'>καί</span> <span class='ocrx_word' id='word_1_166' title='bbox 1052 2269 1099 2348; x_wconf 85' lang='grc' dir='ltr'>εἰς</span> <span class='ocrx_word' id='word_1_167' title='bbox 1114 2269 1219 2348; x_wconf 84' lang='grc' dir='ltr'>ἔρωτα</span> <span class='ocrx_word' id='word_1_168' title='bbox 1241 2270 1362 2348; x_wconf 85' lang='grc' dir='ltr'>ταύτης</span> 
     </span>
     <span class='ocr_line' id='line_1_21' title="bbox 220 2369 1361 2453; baseline 0 -16"><span class='ocrx_word' id='word_1_169' title='bbox 220 2371 369 2453; x_wconf 85' lang='grc' dir='ltr'>ἐμπεσὼν</span> <span class='ocrx_word' id='word_1_170' title='bbox 391 2371 533 2452; x_wconf 84' lang='grc' dir='ltr'>ἐδίωκεν,</span> <span class='ocrx_word' id='word_1_171' title='bbox 555 2369 575 2447; x_wconf 90' lang='grc' dir='ltr'>ἡ</span> <span class='ocrx_word' id='word_1_172' title='bbox 599 2371 635 2434; x_wconf 79' lang='grc' dir='ltr'>δέ</span> <span class='ocrx_word' id='word_1_173' title='bbox 657 2369 803 2450; x_wconf 82' lang='grc' dir='ltr'>ἔφευγεν.</span> <span class='ocrx_word' id='word_1_174' title='bbox 825 2372 976 2446; x_wconf 91' lang='grc' dir='ltr'>γενέσθαι</span> <span class='ocrx_word' id='word_1_175' title='bbox 991 2372 1026 2435; x_wconf 83' lang='grc' dir='ltr'>δέ</span> <span class='ocrx_word' id='word_1_176' title='bbox 1041 2371 1099 2436; x_wconf 86' lang='grc' dir='ltr'>τὸν</span> <span class='ocrx_word' id='word_1_177' title='bbox 1114 2371 1235 2451; x_wconf 89' lang='grc' dir='ltr'>δρόμον</span> <span class='ocrx_word' id='word_1_178' title='bbox 1251 2371 1361 2437; x_wconf 86' lang='grc' dir='ltr'>αὐτῶν</span> 
     </span>
     <span class='ocr_line' id='line_1_22' title="bbox 220 2471 1362 2579; baseline 0 -41"><span class='ocrx_word' id='word_1_179' title='bbox 220 2487 323 2553; x_wconf 88' lang='grc' dir='ltr'>φασιν</span> <span class='ocrx_word' id='word_1_180' title='bbox 345 2471 560 2549; x_wconf 82' lang='grc' dir='ltr'>ἀδιάλειπτον,</span> <span class='ocrx_word' id='word_1_181' title='bbox 590 2471 642 2535; x_wconf 87' lang='grc' dir='ltr'>καὶ</span> <span class='ocrx_word' id='word_1_182' title='bbox 670 2471 756 2536; x_wconf 87' lang='grc' dir='ltr'>οὕτω</span> <span class='ocrx_word' id='word_1_183' title='bbox 783 2475 1072 2552; x_wconf 88' lang='grc' dir='ltr'>καταστερισθῆναι</span> <span class='ocrx_word' id='word_1_184' title='bbox 1103 2472 1163 2579; x_wconf 83' lang='grc' dir='ltr'>τὰς</span> <span class='ocrx_word' id='word_1_185' title='bbox 1191 2472 1362 2551; x_wconf 86' lang='grc' dir='ltr'>Πληιάδας</span> 
     </span>
     <span class='ocr_line' id='line_1_23' title="bbox 220 2563 657 2654; baseline -0.007 -15"><span class='ocrx_word' id='word_1_186' title='bbox 220 2575 278 2642; x_wconf 89' lang='grc' dir='ltr'>τὸν</span> <span class='ocrx_word' id='word_1_187' title='bbox 300 2563 438 2654; x_wconf 87' lang='grc' dir='ltr'>Ὠρίωνα</span> <span class='ocrx_word' id='word_1_188' title='bbox 459 2571 657 2652; x_wconf 87' lang='grc' dir='ltr'>φευγούσας.</span> 
     </span>
    </p>
   </div>
   <div class='ocr_carea' id='block_1_5' title="bbox 218 2729 1426 4427">
    <p class='ocr_par' dir='ltr' id='par_1_7' title="bbox 218 2729 1426 4427">
     <span class='ocr_line' id='line_1_24' title="bbox 319 2729 1363 2807; baseline 0.002 -19"><span class='ocrx_word' id='word_1_189' title='bbox 319 2730 518 2807; x_wconf 82' lang='lat' dir='ltr'>Etymologus</span> <span class='ocrx_word' id='word_1_190' title='bbox 540 2729 600 2787; x_wconf 86' lang='lat' dir='ltr'>alio</span> <span class='ocrx_word' id='word_1_191' title='bbox 616 2747 652 2788; x_wconf 86' lang='lat' dir='ltr'>ac</span> <span class='ocrx_word' id='word_1_192' title='bbox 667 2729 833 2788; x_wconf 83' lang='lat' dir='ltr'><strong>scholiasta</strong></span> <span class='ocrx_word' id='word_1_193' title='bbox 850 2730 957 2788; x_wconf 82' lang='lat' dir='ltr'>ordine</span> <span class='ocrx_word' id='word_1_194' title='bbox 972 2746 1022 2788; x_wconf 85' lang='lat' dir='ltr'>res</span> <span class='ocrx_word' id='word_1_195' title='bbox 1038 2730 1163 2806; x_wconf 82' lang='lat' dir='ltr'><strong>profert,</strong></span> <span class='ocrx_word' id='word_1_196' title='bbox 1186 2748 1278 2807; x_wconf 84' lang='lat' dir='ltr'>quem</span> <span class='ocrx_word' id='word_1_197' title='bbox 1293 2731 1363 2790; x_wconf 87' lang='lat' dir='ltr'>sine</span> 
     </span>
     <span class='ocr_line' id='line_1_25' title="bbox 220 2830 1361 2908; baseline -0.001 -15"><span class='ocrx_word' id='word_1_198' title='bbox 220 2833 316 2894; x_wconf 86' lang='lat' dir='ltr'>dubio</span> <span class='ocrx_word' id='word_1_199' title='bbox 338 2833 368 2890; x_wconf 90' lang='lat' dir='ltr'>in</span> <span class='ocrx_word' id='word_1_200' title='bbox 391 2832 499 2890; x_wconf 89' lang='lat' dir='ltr'>codice</span> <span class='ocrx_word' id='word_1_201' title='bbox 521 2849 576 2890; x_wconf 93' lang='lat' dir='ltr'>suo</span> <span class='ocrx_word' id='word_1_202' title='bbox 598 2831 720 2890; x_wconf 87' lang='lat' dir='ltr'>invenit.</span> <span class='ocrx_word' id='word_1_203' title='bbox 762 2830 986 2890; x_wconf 79' lang='lat' dir='ltr'><strong>submoventur</strong></span> <span class='ocrx_word' id='word_1_204' title='bbox 1018 2833 1248 2908; x_wconf 83' lang='lat' dir='ltr'>comparatione</span> <span class='ocrx_word' id='word_1_205' title='bbox 1280 2851 1361 2892; x_wconf 87' lang='lat' dir='ltr'>non·</span> 
     </span>
     <span class='ocr_line' id='line_1_26' title="bbox 220 2927 1362 3010; baseline 0.001 -17"><span class='ocrx_word' id='word_1_206' title='bbox 220 2934 303 2993; x_wconf 83' lang='lat' dir='ltr'>nulla</span> <span class='ocrx_word' id='word_1_207' title='bbox 324 2934 394 2991; x_wconf 85' lang='lat' dir='ltr'>vitia</span> <span class='ocrx_word' id='word_1_208' title='bbox 415 2942 447 2992; x_wconf 88' lang='lat' dir='ltr'>et</span> <span class='ocrx_word' id='word_1_209' title='bbox 468 2933 499 2991; x_wconf 90' lang='lat' dir='ltr'>in</span> <span class='ocrx_word' id='word_1_210' title='bbox 521 2931 635 2992; x_wconf 85' lang='lat' dir='ltr'>scholio</span> <span class='ocrx_word' id='word_1_211' title='bbox 659 2939 690 2988; x_wconf 90' lang='lat' dir='ltr'>et</span> <span class='ocrx_word' id='word_1_212' title='bbox 712 2931 742 2988; x_wconf 89' lang='lat' dir='ltr'>in</span> <span class='ocrx_word' id='word_1_213' title='bbox 757 2932 805 2993; x_wconf 89' lang='lat' dir='ltr'>Et.</span> <span class='ocrx_word' id='word_1_214' title='bbox 823 2931 864 2992; x_wconf 91' lang='lat' dir='ltr'>M.</span> <span class='ocrx_word' id='word_1_215' title='bbox 908 2932 1034 3008; x_wconf 80' lang='lat' dir='ltr'>Legitur</span> <span class='ocrx_word' id='word_1_216' title='bbox 1054 2933 1085 2990; x_wconf 94' lang='lat' dir='ltr'>in</span> <span class='ocrx_word' id='word_1_217' title='bbox 1108 2931 1237 2992; x_wconf 88' lang='lat' dir='ltr'>scholio:</span> <span class='ocrx_word' id='word_1_218' title='bbox 1260 2927 1362 3010; x_wconf 88' lang='grc' dir='ltr'>Πληι-</span> 
     </span>
     <span class='ocr_line' id='line_1_27' title="bbox 220 3026 1365 3111; baseline -0.003 -15"><span class='ocrx_word' id='word_1_219' title='bbox 220 3032 300 3111; x_wconf 92' lang='grc' dir='ltr'>όνης</span> <span class='ocrx_word' id='word_1_220' title='bbox 323 3035 383 3110; x_wconf 83' lang='grc' dir='ltr'>τῆς</span> <span class='ocrx_word' id='word_1_221' title='bbox 398 3027 552 3095; x_wconf 83' lang='grc' dir='ltr'>Ὠκεανοῦ</span> <span class='ocrx_word' id='word_1_222' title='bbox 567 3030 619 3093; x_wconf 86' lang='grc' dir='ltr'>καὶ</span> <span class='ocrx_word' id='word_1_223' title='bbox 634 3026 823 3109; x_wconf 86' lang='grc' dir='ltr'>Ἄτλαντος,</span> <span class='ocrx_word' id='word_1_224' title='bbox 846 3035 932 3109; x_wconf 93' lang='lat' dir='ltr'>quod</span> <span class='ocrx_word' id='word_1_225' title='bbox 946 3033 1029 3090; x_wconf 88' lang='lat' dir='ltr'>omni</span> <span class='ocrx_word' id='word_1_226' title='bbox 1043 3049 1136 3092; x_wconf 87' lang='lat' dir='ltr'>sensu</span> <span class='ocrx_word' id='word_1_227' title='bbox 1152 3042 1252 3106; x_wconf 85' lang='lat' dir='ltr'>caret;</span> <span class='ocrx_word' id='word_1_228' title='bbox 1276 3043 1365 3092; x_wconf 83' lang='lat' dir='ltr'>recte</span> 
     </span>
     <span class='ocr_line' id='line_1_28' title="bbox 219 3121 1364 3210; baseline 0.001 -16"><span class='ocrx_word' id='word_1_229' title='bbox 219 3135 268 3198; x_wconf 85' lang='lat' dir='ltr'>Et.</span> <span class='ocrx_word' id='word_1_230' title='bbox 290 3137 348 3198; x_wconf 88' lang='lat' dir='ltr'>lll.:</span> <span class='ocrx_word' id='word_1_231' title='bbox 382 3130 559 3210; x_wconf 89' lang='grc' dir='ltr'>Πληιόνης,</span> <span class='ocrx_word' id='word_1_232' title='bbox 589 3130 750 3209; x_wconf 87' lang='grc' dir='ltr'>θυγατρὸς</span> <span class='ocrx_word' id='word_1_233' title='bbox 773 3131 830 3208; x_wconf 79' lang='grc' dir='ltr'>μέν</span> <span class='ocrx_word' id='word_1_234' title='bbox 852 3121 1016 3210; x_wconf 88' lang='grc' dir='ltr'>Ὠκεανοῦ,</span> <span class='ocrx_word' id='word_1_235' title='bbox 1051 3131 1204 3209; x_wconf 86' lang='grc' dir='ltr'>γυναικὸς</span> <span class='ocrx_word' id='word_1_236' title='bbox 1225 3131 1263 3196; x_wconf 77' lang='grc' dir='ltr'>δὲ</span> <span class='ocrx_word' id='word_1_237' title='bbox 1286 3129 1364 3195; x_wconf 82' lang='grc' dir='ltr'>Ἄτ-</span> 
     </span>
     <span class='ocr_line' id='line_1_29' title="bbox 220 3231 1365 3313; baseline -0.001 -14"><span class='ocrx_word' id='word_1_238' title='bbox 220 3238 337 3313; x_wconf 84' lang='grc' dir='ltr'>λαντος</span> <span class='ocrx_word' id='word_1_239' title='bbox 369 3234 419 3310; x_wconf 89' lang='lat' dir='ltr'>(cf.</span> <span class='ocrx_word' id='word_1_240' title='bbox 442 3235 621 3312; x_wconf 83' lang='lat' dir='ltr'>Apollodor.</span> <span class='ocrx_word' id='word_1_241' title='bbox 655 3235 725 3294; x_wconf 88' lang='lat' dir='ltr'>bibl.</span> <span class='ocrx_word' id='word_1_242' title='bbox 750 3237 777 3305; x_wconf 88' lang='grc'>3,</span> <span class='ocrx_word' id='word_1_243' title='bbox 802 3238 850 3305; x_wconf 91' lang='grc'>10,</span> <span class='ocrx_word' id='word_1_244' title='bbox 875 3231 914 3312; x_wconf 86' lang='lat' dir='ltr'>l).</span> <span class='ocrx_word' id='word_1_245' title='bbox 969 3233 1091 3294; x_wconf 84' lang='lat' dir='ltr'>Deinde</span> <span class='ocrx_word' id='word_1_246' title='bbox 1124 3237 1234 3296; x_wconf 87' lang='lat' dir='ltr'>dicitur</span> <span class='ocrx_word' id='word_1_247' title='bbox 1249 3235 1287 3312; x_wconf 85' lang='lat' dir='ltr'>¹in</span> <span class='ocrx_word' id='word_1_248' title='bbox 1309 3235 1365 3298; x_wconf 90' lang='lat' dir='ltr'>Et.</span> 
     </span>
     <span class='ocr_line' id='line_1_30' title="bbox 219 3333 1364 3416; baseline -0.002 -20"><span class='ocrx_word' id='word_1_249' title='bbox 219 3339 269 3413; x_wconf 76' lang='grc' dir='ltr'>Μ,</span> <span class='ocrx_word' id='word_1_250' title='bbox 293 3355 348 3416; x_wconf 89' lang='lat' dir='ltr'>per</span> <span class='ocrx_word' id='word_1_251' title='bbox 369 3338 503 3415; x_wconf 89' lang='lat' dir='ltr'>quinque</span> <span class='ocrx_word' id='word_1_252' title='bbox 522 3354 620 3396; x_wconf 83' lang='lat' dir='ltr'>annos</span> <span class='ocrx_word' id='word_1_253' title='bbox 634 3333 779 3396; x_wconf 86' lang='lat' dir='ltr'>Orionem</span> <span class='ocrx_word' id='word_1_254' title='bbox 802 3344 993 3412; x_wconf 85' lang='lat' dir='ltr'>persecutum</span> <span class='ocrx_word' id='word_1_255' title='bbox 1008 3353 1078 3396; x_wconf 87' lang='lat' dir='ltr'>esse</span> <span class='ocrx_word' id='word_1_256' title='bbox 1093 3336 1241 3413; x_wconf 77' lang='lat' dir='ltr'>Pleiadas,</span> <span class='ocrx_word' id='word_1_257' title='bbox 1263 3338 1364 3412; x_wconf 88' lang='lat' dir='ltr'>prius·</span> 
     </span>
     <span class='ocr_line' id='line_1_31' title="bbox 221 3436 1365 3516; baseline 0 -19"><span class='ocrx_word' id='word_1_258' title='bbox 221 3457 312 3516; x_wconf 86' lang='lat' dir='ltr'>qnam</span> <span class='ocrx_word' id='word_1_259' title='bbox 333 3439 365 3497; x_wconf 91' lang='lat' dir='ltr'>in</span> <span class='ocrx_word' id='word_1_260' title='bbox 377 3439 467 3497; x_wconf 87' lang='lat' dir='ltr'>astris</span> <span class='ocrx_word' id='word_1_261' title='bbox 482 3437 714 3513; x_wconf 86' lang='lat' dir='ltr'>collocarentur,</span> <span class='ocrx_word' id='word_1_262' title='bbox 738 3437 822 3496; x_wconf 90' lang='lat' dir='ltr'>cuius</span> <span class='ocrx_word' id='word_1_263' title='bbox 838 3439 984 3516; x_wconf 84' lang='lat' dir='ltr'>temporis</span> <span class='ocrx_word' id='word_1_264' title='bbox 999 3439 1031 3496; x_wconf 91' lang='lat' dir='ltr'>in</span> <span class='ocrx_word' id='word_1_265' title='bbox 1046 3436 1163 3496; x_wconf 88' lang='lat' dir='ltr'>scholio</span> <span class='ocrx_word' id='word_1_266' title='bbox 1178 3438 1262 3513; x_wconf 91' lang='lat' dir='ltr'>quod</span> <span class='ocrx_word' id='word_1_267' title='bbox 1277 3456 1365 3497; x_wconf 89' lang='lat' dir='ltr'>nunc</span> 
     </span>
     <span class='ocr_line' id='line_1_32' title="bbox 219 3538 1363 3616; baseline 0 -18"><span class='ocrx_word' id='word_1_268' title='bbox 219 3553 268 3600; x_wconf 89' lang='lat' dir='ltr'>est</span> <span class='ocrx_word' id='word_1_269' title='bbox 288 3541 404 3600; x_wconf 86' lang='lat' dir='ltr'>mentio</span> <span class='ocrx_word' id='word_1_270' title='bbox 426 3557 490 3598; x_wconf 93' lang='lat' dir='ltr'>non</span> <span class='ocrx_word' id='word_1_271' title='bbox 511 3539 560 3614; x_wconf 89' lang='lat' dir='ltr'>lit;</span> <span class='ocrx_word' id='word_1_272' title='bbox 583 3538 621 3598; x_wconf 86' lang='lat' dir='ltr'>cf.</span> <span class='ocrx_word' id='word_1_273' title='bbox 642 3538 753 3614; x_wconf 82' lang='lat' dir='ltr'>Hygin.</span> <span class='ocrx_word' id='word_1_274' title='bbox 774 3539 887 3615; x_wconf 84' lang='lat' dir='ltr'>poetic.</span> <span class='ocrx_word' id='word_1_275' title='bbox 910 3550 1023 3600; x_wconf 81' lang='lat' dir='ltr'><strong>astron.</strong></span> <span class='ocrx_word' id='word_1_276' title='bbox 1045 3538 1073 3597; x_wconf 88' lang='grc' dir='ltr'>ΙΙ</span> <span class='ocrx_word' id='word_1_277' title='bbox 1096 3540 1145 3612; x_wconf 89' lang='grc'>21,</span> <span class='ocrx_word' id='word_1_278' title='bbox 1168 3539 1219 3615; x_wconf 85' lang='lat' dir='ltr'>qui</span> <span class='ocrx_word' id='word_1_279' title='bbox 1240 3548 1363 3616; x_wconf 85' lang='lat' dir='ltr'><strong>septem</strong></span> 
     </span>
     <span class='ocr_line' id='line_1_33' title="bbox 220 3640 1366 3718; baseline -0.003 -16"><span class='ocrx_word' id='word_1_280' title='bbox 220 3660 318 3702; x_wconf 85' lang='lat' dir='ltr'>annos</span> <span class='ocrx_word' id='word_1_281' title='bbox 340 3641 485 3702; x_wconf 85' lang='lat' dir='ltr'>Orionem</span> <span class='ocrx_word' id='word_1_282' title='bbox 517 3659 571 3699; x_wconf 91' lang='lat' dir='ltr'>eas</span> <span class='ocrx_word' id='word_1_283' title='bbox 592 3648 787 3718; x_wconf 85' lang='lat' dir='ltr'>persecutum</span> <span class='ocrx_word' id='word_1_284' title='bbox 810 3659 878 3700; x_wconf 89' lang='lat' dir='ltr'>esse</span> <span class='ocrx_word' id='word_1_285' title='bbox 902 3649 1011 3702; x_wconf 82' lang='lat' dir='ltr'>narrat.</span> <span class='ocrx_word' id='word_1_286' title='bbox 1070 3640 1176 3699; x_wconf 86' lang='lat' dir='ltr'>Tertio</span> <span class='ocrx_word' id='word_1_287' title='bbox 1211 3641 1366 3699; x_wconf 89' lang='lat' dir='ltr'>docemur</span> 
     </span>
     <span class='ocr_line' id='line_1_34' title="bbox 221 3742 1364 3820; baseline -0.001 -17"><span class='ocrx_word' id='word_1_288' title='bbox 221 3743 395 3814; x_wconf 80' lang='lat' dir='ltr'>Pindarum,</span> <span class='ocrx_word' id='word_1_289' title='bbox 417 3743 504 3802; x_wconf 90' lang='lat' dir='ltr'>cuius</span> <span class='ocrx_word' id='word_1_290' title='bbox 523 3759 636 3800; x_wconf 89' lang='lat' dir='ltr'>nomen</span> <span class='ocrx_word' id='word_1_291' title='bbox 659 3742 690 3800; x_wconf 90' lang='lat' dir='ltr'>in</span> <span class='ocrx_word' id='word_1_292' title='bbox 712 3743 824 3800; x_wconf 90' lang='lat' dir='ltr'>nostris</span> <span class='ocrx_word' id='word_1_293' title='bbox 847 3742 967 3802; x_wconf 84' lang='lat' dir='ltr'>scholiis</span> <span class='ocrx_word' id='word_1_294' title='bbox 990 3742 1050 3800; x_wconf 85' lang='lat' dir='ltr'>iam</span> <span class='ocrx_word' id='word_1_295' title='bbox 1072 3759 1136 3802; x_wconf 88' lang='lat' dir='ltr'>non</span> <span class='ocrx_word' id='word_1_296' title='bbox 1156 3742 1268 3820; x_wconf 86' lang='lat' dir='ltr'>prodit,</span> <span class='ocrx_word' id='word_1_297' title='bbox 1302 3745 1364 3802; x_wconf 88' lang='lat' dir='ltr'>sed</span> 
     </span>
     <span class='ocr_line' id='line_1_35' title="bbox 219 3838 1426 3927; baseline -0.002 -21"><span class='ocrx_word' id='word_1_298' title='bbox 219 3843 380 3906; x_wconf 86' lang='lat' dir='ltr'>manifesto</span> <span class='ocrx_word' id='word_1_299' title='bbox 413 3846 489 3904; x_wconf 89' lang='lat' dir='ltr'>latet</span> <span class='ocrx_word' id='word_1_300' title='bbox 521 3842 578 3902; x_wconf 90' lang='lat' dir='ltr'>sub</span> <span class='ocrx_word' id='word_1_301' title='bbox 610 3843 662 3900; x_wconf 92' lang='lat' dir='ltr'>illo</span> <span class='ocrx_word' id='word_1_302' title='bbox 684 3838 809 3918; x_wconf 87' lang='grc' dir='ltr'>λέγεται</span> <span class='ocrx_word' id='word_1_303' title='bbox 833 3853 864 3903; x_wconf 90' lang='lat' dir='ltr'>et</span> <span class='ocrx_word' id='word_1_304' title='bbox 887 3854 999 3920; x_wconf 91' lang='grc' dir='ltr'>φασιν,</span> <span class='ocrx_word' id='word_1_305' title='bbox 1033 3845 1073 3901; x_wconf 89' lang='lat' dir='ltr'>de</span> <span class='ocrx_word' id='word_1_306' title='bbox 1098 3841 1252 3902; x_wconf 83' lang='lat' dir='ltr'>Pleiadum</span> <span class='ocrx_word' id='word_1_307' title='bbox 1287 3844 1364 3920; x_wconf 84' lang='lat' dir='ltr'>luga</span> <span class='ocrx_word' id='word_1_308' title='bbox 1420 3914 1426 3927; x_wconf 94' lang='lat'><strong>.</strong></span> 
     </span>
     <span class='ocr_line' id='line_1_36' title="bbox 218 3943 1363 4023; baseline 0.001 -17"><span class='ocrx_word' id='word_1_309' title='bbox 218 3947 297 4006; x_wconf 84' lang='lat' dir='ltr'>haec</span> <span class='ocrx_word' id='word_1_310' title='bbox 319 3947 441 4015; x_wconf 84' lang='lat' dir='ltr'>dixisse,</span> <span class='ocrx_word' id='word_1_311' title='bbox 471 3946 557 4023; x_wconf 89' lang='lat' dir='ltr'>quod</span> <span class='ocrx_word' id='word_1_312' title='bbox 579 3943 773 4003; x_wconf 85' lang='lat' dir='ltr'>confirmatur</span> <span class='ocrx_word' id='word_1_313' title='bbox 800 3945 892 4004; x_wconf 88' lang='lat' dir='ltr'>etiam</span> <span class='ocrx_word' id='word_1_314' title='bbox 924 3945 1017 4004; x_wconf 90' lang='lat' dir='ltr'>schol.</span> <span class='ocrx_word' id='word_1_315' title='bbox 1040 3945 1127 4007; x_wconf 74' lang='lat' dir='ltr'>Pinrt</span> <span class='ocrx_word' id='word_1_316' title='bbox 1149 3944 1237 4005; x_wconf 84' lang='lat' dir='ltr'>Nem.</span> <span class='ocrx_word' id='word_1_317' title='bbox 1260 3945 1289 4003; x_wconf 92' lang='lat'>11</span> <span class='ocrx_word' id='word_1_318' title='bbox 1312 3947 1363 4007; x_wconf 88' lang='grc'>16.</span> 
     </span>
     <span class='ocr_line' id='line_1_37' title="bbox 220 4040 1363 4122; baseline -0.003 -14"><span class='ocrx_word' id='word_1_319' title='bbox 220 4049 315 4122; x_wconf 86' lang='lat' dir='ltr'>Quod</span> <span class='ocrx_word' id='word_1_320' title='bbox 336 4047 367 4106; x_wconf 89' lang='lat' dir='ltr'>in</span> <span class='ocrx_word' id='word_1_321' title='bbox 388 4047 437 4107; x_wconf 87' lang='lat' dir='ltr'>Et.</span> <span class='ocrx_word' id='word_1_322' title='bbox 462 4047 504 4108; x_wconf 91' lang='lat' dir='ltr'>M.</span> <span class='ocrx_word' id='word_1_323' title='bbox 527 4047 648 4122; x_wconf 82' lang='lat' dir='ltr'>legitur:</span> <span class='ocrx_word' id='word_1_324' title='bbox 670 4042 727 4107; x_wconf 86' lang='grc' dir='ltr'>τὸν</span> <span class='ocrx_word' id='word_1_325' title='bbox 743 4040 889 4122; x_wconf 89' lang='grc' dir='ltr'>Ὠρίωνα,</span> <span class='ocrx_word' id='word_1_326' title='bbox 912 4041 951 4120; x_wconf 87' lang='grc' dir='ltr'>άς</span> <span class='ocrx_word' id='word_1_327' title='bbox 975 4041 1064 4107; x_wconf 84' lang='grc' dir='ltr'>ἐστιν</span> <span class='ocrx_word' id='word_1_328' title='bbox 1083 4040 1240 4120; x_wconf 84' lang='grc' dir='ltr'>ἐνιαυτός,</span> <span class='ocrx_word' id='word_1_329' title='bbox 1263 4064 1363 4122; x_wconf 84' lang='lat' dir='ltr'>appa·</span> 
     </span>
     <span class='ocr_line' id='line_1_38' title="bbox 220 4140 1363 4222; baseline -0.001 -14"><span class='ocrx_word' id='word_1_330' title='bbox 220 4159 264 4210; x_wconf 88' lang='lat' dir='ltr'>ret</span> <span class='ocrx_word' id='word_1_331' title='bbox 284 4168 322 4207; x_wconf 83' lang='lat' dir='ltr'>ex</span> <span class='ocrx_word' id='word_1_332' title='bbox 344 4148 466 4207; x_wconf 91' lang='lat' dir='ltr'>scholiis</span> <span class='ocrx_word' id='word_1_333' title='bbox 496 4148 539 4206; x_wconf 91' lang='lat' dir='ltr'>sic</span> <span class='ocrx_word' id='word_1_334' title='bbox 568 4147 797 4222; x_wconf 85' lang='lat' dir='ltr'>corrigendum:</span> <span class='ocrx_word' id='word_1_335' title='bbox 834 4143 891 4207; x_wconf 86' lang='grc' dir='ltr'>τὸν</span> <span class='ocrx_word' id='word_1_336' title='bbox 921 4140 1096 4221; x_wconf 88' lang='grc' dir='ltr'>Ὠρίωνα·</span> <span class='ocrx_word' id='word_1_337' title='bbox 1129 4143 1149 4222; x_wconf 84' lang='grc' dir='ltr'>ἢ</span> <span class='ocrx_word' id='word_1_338' title='bbox 1179 4142 1268 4222; x_wconf 86' lang='grc' dir='ltr'>παρὰ</span> <span class='ocrx_word' id='word_1_339' title='bbox 1301 4143 1363 4208; x_wconf 82' lang='grc' dir='ltr'>τὸν</span> 
     </span>
     <span class='ocr_line' id='line_1_39' title="bbox 220 4244 1361 4326; baseline -0.004 -15"><span class='ocrx_word' id='word_1_340' title='bbox 220 4249 410 4323; x_wconf 83' lang='grc' dir='ltr'>πλειῶνα,</span> <span class='ocrx_word' id='word_1_341' title='bbox 435 4245 455 4311; x_wconf 86' lang='grc' dir='ltr'>ό</span> <span class='ocrx_word' id='word_1_342' title='bbox 473 4245 562 4310; x_wconf 82' lang='grc' dir='ltr'>ἐστιν</span> <span class='ocrx_word' id='word_1_343' title='bbox 578 4244 734 4326; x_wconf 81' lang='grc' dir='ltr'>ἐνιαυτός,</span> <span class='ocrx_word' id='word_1_344' title='bbox 758 4250 810 4308; x_wconf 91' lang='lat' dir='ltr'>ubi</span> <span class='ocrx_word' id='word_1_345' title='bbox 824 4258 949 4326; x_wconf 90' lang='lat' dir='ltr'>propter</span> <span class='ocrx_word' id='word_1_346' title='bbox 967 4249 1208 4308; x_wconf 87' lang='lat' dir='ltr'>terminationem</span> <span class='ocrx_word' id='word_1_347' title='bbox 1224 4251 1361 4308; x_wconf 88' lang='lat' dir='ltr'>eandem</span> 
     </span>
     <span class='ocr_line' id='line_1_40' title="bbox 220 4350 755 4427; baseline -0.004 -17"><span class='ocrx_word' id='word_1_348' title='bbox 220 4351 280 4411; x_wconf 91' lang='lat' dir='ltr'>hoc</span> <span class='ocrx_word' id='word_1_349' title='bbox 301 4351 405 4410; x_wconf 84' lang='lat' dir='ltr'>vitium</span> <span class='ocrx_word' id='word_1_350' title='bbox 428 4350 517 4410; x_wconf 83' lang='lat' dir='ltr'>facile</span> <span class='ocrx_word' id='word_1_351' title='bbox 539 4351 624 4410; x_wconf 86' lang='lat' dir='ltr'>nasci</span> <span class='ocrx_word' id='word_1_352' title='bbox 646 4351 755 4427; x_wconf 90' lang='lat' dir='ltr'>potuit.</span> 
     </span>
    </p>
   </div>
   <div class='ocr_carea' id='block_1_6' title="bbox 0 0 1475 4922">
    <p class='ocr_par' dir='ltr' id='par_1_8' title="bbox 0 0 1475 4922">
     <span class='ocr_line' id='line_1_41' title="bbox 0 0 1475 4922; baseline 0 0"><span class='ocrx_word' id='word_1_353' title='bbox 0 0 1475 4922; x_wconf 95' lang='lat' dir='ltr'> </span> 
     </span>
    </p>
   </div>
  </div>
 </body>
</html>
