2938 4922
768 239 804 295 32

216 417 285 494 τοῖς
307 413 358 478 ἐπ’
380 413 481 492 αὑτήν
502 414 637 479 πλέουσι
660 413 749 492 κοίλη
772 413 858 479 οὑσα
879 412 919 478 οὑ
939 413 1096 492 φαίνεται,
1129 413 1203 492 πρὶν
1224 413 1265 478 ἂν
1283 428 1359 493 σχε-

217 516 276 580 δὸν
297 515 486 595 όρμισθῶσι,
509 516 560 581 καὶ
580 515 655 580 τότε
676 515 788 594 ὥσπερ
810 515 844 582 ἐξ
866 515 1000 595 ὁμίχλης
1023 515 1075 580 καὶ
1090 514 1187 595 ἀέρος
1204 517 1358 593 κεκαλυμ-

217 618 294 698 μένη
317 617 475 697 φαίνεται.
519 621 659 698 Sequitur
680 623 739 697 Ap.
762 640 789 679 ν.
803 621 848 678 IV
865 623 924 682 267
935 638 990 698 sq..
1013 621 1064 679 ubi
1079 621 1194 680 nullum
1209 620 1360 680 scholion.

216 723 313 796 Quod
333 723 366 780 in
387 722 480 782 schol.
504 723 545 781 ad
567 723 584 782 I
606 724 676 797 580,
710 723 741 780 in
776 707 837 799 quo
859 721 1038 781 Thessaliae
1070 739 1245 798 cognomen
1266 718 1357 798 ἠερίη

217 824 370 882 derivatur
382 841 401 880 a
416 825 502 898 nigro
518 832 616 881 terrae
632 824 742 894 colore,
764 824 904 882 additur:
928 818 1013 884 οὕτω
1028 820 1091 898 γὰρ
1106 819 1158 884 καὶ
1169 820 1227 898 τὴν
1239 819 1358 897 Αἴγυπ-

215 940 273 987 τον
294 911 423 1000 Ἠερίαν
453 921 564 1000 φασίν,
591 943 656 983 που
687 925 856 1001 impediret,
890 925 1052 1000 quominus
1085 925 1145 984 hoc
1177 926 1246 983 loco
1278 925 1360 984 hanc

214 1027 496 1102 interpretationem
528 1028 558 1084 in
592 1026 713 1084 scholiis
743 1026 835 1086 inisse
869 1027 1107 1102 suspicaremur,
1144 1045 1222 1104 quae
1258 1027 1357 1084 multo

213 1129 313 1204 aptior
333 1137 380 1187 est
401 1145 494 1204 quam
514 1127 577 1200 illa;
600 1146 672 1186 nam
693 1128 815 1202 saepius
838 1127 976 1186 videmus
992 1128 1057 1186 aliis
1080 1128 1266 1187 scholiorum
1281 1129 1359 1187 locis

213 1228 287 1288 alias
310 1229 477 1288 sententias
500 1229 629 1303 probari,
664 1230 749 1305 quod
771 1245 841 1287 cum
863 1229 965 1306 plures
987 1229 1048 1288 sint
1077 1229 1262 1288 scholiorum
1282 1247 1358 1288 auc·

213 1338 305 1403 tores,
328 1331 434 1388 mirum
455 1346 518 1387 non
547 1337 603 1390 est.
627 1360 667 1370 —
690 1330 738 1389 Et.
761 1329 802 1390 M.
826 1331 875 1406 95,
900 1332 918 1389 3
953 1348 978 1392 v.
1005 1326 1234 1407 ἀμφιφορίτης,
1265 1349 1359 1407 quem

213 1432 314 1490 locum
347 1432 408 1490 iarn
430 1430 594 1490 Merkelius
627 1432 744 1490 viderat
773 1431 958 1490 scholiorum
988 1450 1055 1490 esse
1077 1434 1358 1507 Apollonianorum.

213 1531 293 1591 Nam
316 1549 501 1607 quamquam
521 1532 700 1609 Apollonius
723 1533 788 1608 ipse
809 1533 840 1590 in
875 1541 981 1591 nostro
1001 1534 1124 1609 quidem
1147 1535 1198 1596 Et.
1220 1535 1262 1597 M.
1291 1552 1359 1594 non

215 1635 366 1708 laudatur,
406 1641 509 1691 tamen
541 1634 666 1691 dubium
701 1651 765 1691 non
790 1643 846 1710 est,
883 1635 955 1710 quin
989 1634 1049 1694 hoc
1081 1635 1218 1695 scholion
1251 1635 1292 1695 ad
1313 1635 1361 1694 1v

216 1737 295 1796 1765
306 1752 350 1811 sq.
374 1735 473 1809 fuerit,
496 1743 527 1791 et
548 1752 672 1810 sperare
694 1751 819 1810 quoque
841 1735 912 1794 licet
934 1753 972 1792 ex
986 1735 1125 1812 pleniore
1138 1737 1187 1798 Et.
1202 1737 1250 1795 M:
1262 1736 1359 1813 Apol-

215 1837 289 1896 lonii
316 1853 430 1895 nomen
453 1853 646 1896 accessurum
674 1853 752 1897 esse.
807 1835 888 1894 Vide
921 1836 1020 1912 igitur,
1055 1837 1127 1911 quid
1161 1838 1244 1896 dicat
1263 1832 1360 1913 Apol·

212 1939 311 1996 lonius
333 1939 351 1999 l.
376 1939 414 1999 l.:

281 2048 284 2055 '
312 2040 416 2102 κεῖθεν
438 2036 466 2100 δ’
489 2035 656 2116 ἀπτερέως
679 2035 731 2100 διὰ
754 2036 868 2115 μυρίον
889 2033 984 2116 οἶδμα
1005 2036 1153 2116 λιπόντες

315 2135 442 2217 Αἰγίνης
465 2137 598 2222 ἀκτῇσιν
619 2136 810 2216 ἐπέσχεθον·
834 2136 915 2216 αἶψα
936 2139 973 2201 δέ
994 2137 1043 2201 τοί
1069 2158 1105 2213 γε

314 2240 444 2320 ὑδρείης
467 2241 539 2321 πέρι
561 2244 652 2319 δῆριν
675 2238 825 2320 ἀμεμφέα
847 2241 1033 2319 δηρίσαντο,

314 2341 353 2422 ός
375 2362 431 2407 κεν
454 2340 692 2421 ἀφυσσάμενος
717 2341 817 2421 φθαίη
840 2342 919 2420 μετὰ
939 2341 1002 2418 νῆά
1023 2341 1051 2406 δ’
1074 2340 1208 2406 ἱκέσθαι.

317 2442 415 2523 ἄμφω
437 2443 499 2522 γὰρ
522 2442 618 2522 χρειω
639 2462 675 2507 τε
697 2442 749 2506 καὶ
772 2440 915 2521 ἄσπετος
938 2440 1038 2522 οὑρος
1061 2441 1196 2518 ἔπειγεν.

315 2543 380 2609 ἔνθ’
404 2543 450 2608 έτι
472 2547 531 2608 νῦν
554 2543 740 2623 πλήθοντας
763 2543 937 2623 ἐπωμαδὸν
959 2543 1171 2624 ἀμφιφορῆας

313 2643 482 2724 ἀνθέμενοι
502 2643 673 2723 κούφοισιν
697 2643 787 2723 ἄφαρ
808 2643 877 2710 κατ’
901 2643 1012 2722 ἀγῶνα
1034 2645 1193 2710 πόδεσσιν

312 2751 425 2825 κοῦροι
448 2745 662 2826 Μυρμιδόνων
684 2747 773 2825 νίκης
794 2746 868 2825 πέρι
890 2747 1090 2826 δηριόωνται.

212 2853 252 2912 Et
271 2870 353 2910 nunc
374 2852 442 2926 lege
465 2851 514 2912 Et.
537 2851 577 2912 M.
600 2851 619 2911 l.
641 2853 675 2912 l.:
719 2847 790 2912 Ὅτι
816 2847 852 2912 έν
873 2846 980 2933 Αἰγίνῃ
1018 2848 1159 2927 ἔδραμον
1191 2848 1262 2928 περὶ
1298 2849 1358 2928 τὴν
1457 2873 1458 2880 “

212 2939 375 3015 Ἀσωπίδα
396 2951 517 3030 κρήνην
538 2950 770 3030 ὑδρεύσασθαι.
793 2949 869 3015 ὅθεν
891 2952 943 3014 καὶ
965 2949 1054 3029 ἀγὼν
1079 2950 1190 3028 ἄγεται
1212 2951 1357 3031 ἀμφιφο-

214 3051 304 3131 ρίτης
327 3050 503 3130 λεγόμενος
525 3052 613 3129 παρὰ
635 3055 705 3130 τοῖς
730 3049 920 3130 Αἰγινήταις,
943 3052 978 3117 έν
1003 3053 1029 3137 ᾧ
1055 3052 1085 3116 οἱ
1115 3054 1218 3118 ἐκεῖσε
1242 3052 1359 3130 ἀγωνι-

213 3153 342 3233 ζόμενοι
371 3153 450 3232 τοὺς
485 3151 647 3231 κεράμους
681 3152 801 3231 ὑδατος
834 3155 1106 3234 πεπληρωμένους
1135 3154 1358 3234 ἀναλαβόντες

214 3255 294 3319 κατὰ
317 3258 382 3320 τῶν
405 3253 503 3333 ὤμων
525 3253 677 3333 τρέχουσι
698 3254 771 3333 περὶ
791 3259 849 3333 τῆς
872 3255 971 3335 νίκης,
996 3259 1258 3335 φιλονεικοῦντες
1273 3257 1358 3321 κατὰ

214 3356 343 3437 μίμησιν
363 3358 428 3420 τῶν
449 3355 575 3434 ἡρώων.
618 3345 840 3436 Ἀμφιφορεὺς
862 3356 924 3435 γὰρ
945 3356 1058 3437 σορός,
1080 3356 1182 3437 ὑδρία,
1205 3358 1357 3437 κέραμος,

214 3457 391 3539 ἀμφορεὺς.
435 3461 485 3522 Ει.
507 3461 549 3519 Μ.
572 3462 658 3520 locus
680 3462 771 3537 plane
793 3461 929 3536 intellegi
950 3463 1057 3537 nequit
1070 3463 1128 3520 nisi
1143 3473 1358 3540 proponuntur
1455 3501 1456 3506 ι

213 3564 271 3640 Ap.
292 3581 407 3642 versus3
430 3559 511 3624 κατὰ
534 3559 663 3638 μίμησιν
684 3561 748 3624 τῶν
769 3557 895 3637 ἡρώων,
918 3564 1038 3637 quaeris
1060 3560 1207 3638 quorum?
1228 3582 1358 3640 respon·

214 3683 282 3724 sum
304 3666 359 3724 dat
382 3665 440 3741 Ap.
463 3666 555 3725 locus.
611 3663 659 3722 De
683 3664 822 3740 Asopide
845 3664 983 3740 Aeginae
1018 3665 1104 3724 sonte
1135 3665 1258 3724 aliunde
1280 3665 1357 3724 nihil

214 3775 349 3841 constat3
383 3766 439 3824 sed
468 3782 583 3824 nomen
603 3783 667 3823 non
694 3773 741 3824 est
762 3766 877 3840 mirum,
908 3766 1053 3841 quoniam
1075 3767 1202 3842 Aegina,
1232 3785 1271 3824 ex
1294 3784 1357 3843 qua

212 3869 310 3928 insula
331 3867 488 3926 nominata
502 3884 572 3924 esse
587 3867 705 3942 dicitur,
727 3867 824 3942 Asopi
839 3866 985 3942 apellatur
999 3867 1066 3928 filia.
1110 3867 1144 3925 ln
1159 3868 1250 3927 schol
1264 3868 1358 3930 Pind.

214 3968 262 4029 Ol.
284 3967 346 4026 VII
370 3971 428 4028 156
451 3969 599 4026 docemur
621 3966 841 4027 Callimachum
870 3985 994 4044 quoque
1016 3969 1047 4026 in
1067 3969 1181 4028 lambis
1206 3969 1266 4027 hoc
1288 3987 1357 4028 cer·

214 4079 318 4129 tamen
339 4087 605 4130 commemorasse.

314 4171 490 4248 Sequuntur
511 4188 593 4229 nunc
614 4171 684 4240 loci,
716 4171 827 4249 quibus
857 4191 924 4231 cum
946 4171 1083 4231 scholion
1115 4174 1146 4232 in
1169 4173 1238 4233 cod.
1263 4172 1357 4236 Laut.

212 4274 402 4348 respondeat
425 4280 479 4332 aut
502 4273 604 4331 vitium
626 4273 751 4350 aliquod
773 4276 954 4333 emendatur
975 4282 1028 4332 aut
1055 4292 1168 4333 novum
1190 4275 1301 4333 veteris
1324 4275 1357 4332 in

213 4373 405 4450 Apollonium
426 4375 587 4433 doctrinae
610 4375 739 4434 frustum
762 4376 891 4437 accedit.
916 4413 920 4422 ι

312 4476 359 4537 Ει.
394 4477 435 4536 M.
469 4479 538 4544 391.
562 4479 600 4536 25
635 4495 660 4537 v.
684 4473 849 4553 εὐθήμονι·
887 4473 1067 4556 ,Εὑθήμονι
1089 4476 1207 4556 μέλπεν
1230 4471 1357 4561 ἀοιδή“.
