2938 4922
655 297 692 352 39

103 475 239 534 Bistonis
257 475 342 534 illius
367 474 472 542 luisse,
495 476 580 551 quod
601 474 661 532 iam
681 473 812 532 Sturzius
836 475 1004 548 suspicatus
1027 483 1084 549 est,
1113 495 1246 552 praeser-

104 579 159 635 tim
182 576 250 634 c'um
274 575 394 634 Ciconis
417 582 506 650 pater
528 575 638 652 Apollo
660 574 816 634 Musarum
838 576 900 634 dux
922 575 1010 634 fuerit
1046 572 1096 651 (cf.
1126 576 1174 636 Et.
1204 577 1245 635 M.

102 680 175 745 513,
199 665 250 754 37)
274 694 402 752 cumque
425 677 517 734 etiam
539 675 680 745 Thracia,
703 675 859 734 Musarum
881 684 968 752 terra,
999 677 1113 753 optime
1135 695 1246 736 conve·

103 779 177 837 niat.
220 779 255 836 Iu
278 779 420 858 catalogo
447 795 562 852 eorum,
599 778 650 853 qui
677 777 772 835 Musis
802 779 866 835 nati
889 786 958 836 sunt
989 774 1247 852 (vide“schol.A

103 881 136 940 ll.
162 876 184 940 Κ
214 877 299 956 435),
337 879 469 937 Bistonis
497 897 610 937 nomen
638 896 701 936 non
724 879 883 939 invenitur.
919 911 960 922 -
997 879 1045 938 Et.
1068 878 1109 940 M.
1134 877 1247 950 655,²4

103 1001 130 1041 v.
147 975 330 1058 Παρνασός
351 975 533 1058 (μασθαι.
556 1000 586 1057 p.
599 974 673 1057 237)
696 989 727 1038 et
748 981 796 1041 Et.
819 980 862 1041 M.
878 982 950 1052 676,
973 983 991 1041 5
1013 1000 1040 1042 v.
1055 977 1246 1042 Hteroroto:
1313 1006 1316 1010 <

102 1084 135 1140 in
157 1083 256 1159 priore
278 1083 347 1140 loco
375 1083 539 1158 adponitur
561 1100 587 1143 v.
610 1082 638 1139 11
662 1083 730 1159 705,
753 1083 785 1140 iu
807 1083 903 1140 altero
933 1101 959 1141 v.
983 1081 1014 1138 II
1038 1085 1111 1156 711;
1145 1083 1176 1140 in
1197 1082 1247 1139 illo

104 1185 259 1260 exscripta
281 1191 329 1242 est
352 1187 422 1258 pars
444 1183 550 1242 scholii
573 1184 614 1242 ad
636 1183 665 1240 Il
688 1185 746 1243 711
770 1192 801 1239 et
826 1185 894 1253 706,
919 1183 950 1240 in
971 1183 1030 1241 hoc
1051 1201 1120 1258 pars
1142 1182 1249 1242 scholii

105 1286 149 1343 ad
169 1286 202 1344 II
226 1287 294 1346 711.
338 1285 390 1344 Ad
412 1304 458 1363 ea,
478 1303 558 1362 quae
579 1285 611 1341 in
626 1283 742 1342 scholio
760 1293 864 1342 nostro
888 1285 928 1342 de
940 1280 1102 1360 Πλεῖστος
1125 1283 1248 1342 flumine

106 1387 256 1464 dicuntur,
279 1386 402 1445 additur
423 1385 593 1444 Herodiani
616 1373 777 1459 sententia,
807 1381 918 1460 qui'dv
939 1386 977 1462 τῇ
993 1381 1134 1446 καθόλου
1151 1381 1249 1447 Πλεῖ·

104 1499 187 1564 στος
210 1483 349 1564 βαρύνει,
383 1505 451 1545 cum
472 1486 522 1544 alii
550 1487 683 1545 scribant
705 1482 880 1564 Πλειστός,
913 1494 1075 1565 propterea
1097 1488 1182 1562 quod
1204 1487 1248 1544 sic

105 1590 226 1648 incolae
249 1589 456 1665 pronuntient.
499 1588 535 1646 In
558 1589 672 1647 scholio
696 1591 737 1647 ad
759 1589 789 1646 ll
813 1591 871 1648 706
894 1609 993 1665 pauca
1016 1588 1187 1646 adiciuntur
1208 1589 1249 1644 de

107 1691 284 1766 Delphyne;
306 1691 417 1749 dicitur
439 1692 480 1748 de
501 1690 560 1748 hoo
583 1691 661 1749 etin
683 1691 797 1750 scholio
820 1701 852 1749 et
872 1693 904 1750 in
921 1693 970 1751 Et.
988 1693 1047 1753 M.:
1071 1687 1248 1767 Δελφύνης

107 1789 145 1854 δὲ
168 1788 315 1854 ἐκαλεῖτο
338 1787 357 1852 ὁ
379 1785 562 1878 φυλάσσων
584 1787 622 1853 τὸ
645 1789 680 1852 ἐν
704 1789 851 1869 Δελφοῖς
874 1791 1069 1870 χρηστήριον
1097 1789 1248 1872 (εαζορθ
1295 1839 1298 1846 .

105 1886 196 1968 κων).
242 1889 374 1950 Additur
395 1893 426 1950 in
448 1892 498 1952 Et.
517 1892 577 1952 M.:
602 1893 719 1955 τοῦτον
741 1889 923 1969 ἐφόνευσεν
945 1889 1144 1963 ὁἈπόλλων
1159 1893 1250 1968 θελή-

105 2003 212 2054 σαντα
234 1989 379 2053 ἐπελθεῖν
394 1990 446 2053 καὶ
467 1989 724 2074 ἑπιχειρῆσαιζάθ
827 1991 936 2072 Λητώ;
962 1997 1005 2054 sic
1027 1997 1100 2072 legit
1111 1995 1247 2053 Millerus

105 2095 138 2151 in
161 2096 228 2154 cod.
254 2094 345 2166 Flor.‚
379 2096 499 2172 corrigit
521 2091 673 2176 ἀθανάτῳ
703 2097 741 2176 τῇ
771 2093 883 2172 Λητοί;
919 2116 991 2156 num
1018 2106 1100 2156 recte
1123 2098 1245 2156 dubito:

106 2195 238 2254 fortasse
261 2196 330 2256 cod.
353 2196 423 2269 Vat.
446 2205 563 2254 rectum
585 2198 677 2258 dabit.
721 2196 899 2274 Delphynes
921 2200 1004 2258 idem
1019 2209 1067 2258 est
1082 2218 1118 2258 ac
1129 2199 1247 2276 Python

106 2284 213 2374 draco,¹
234 2315 324 2374 quem
346 2298 384 2355 ab
401 2297 552 2376 Apolline,
573 2299 643 2374 quia
665 2299 818 2359 Latonam
832 2304 1083 2377 persequebatur,
1105 2301 1246 2360 intersec-

106 2407 172 2456 tum
194 2417 265 2458 esse
287 2401 413 2459 tradunt
420 2423 427 2476 3
461 2400 497 2460 cf.
521 2399 656 2462 Clearch.
677 2420 724 2477 ap.
747 2402 818 2462 Ath.
840 2401 899 2460 XV
923 2405 982 2462 701
991 2422 1017 2472 c,
1037 2402 1145 2466 Liban.
1168 2423 1246 2465 narr.

109 2503 157 2561 19.
178 2531 219 2542 -
242 2501 316 2559 Mill.
340 2520 370 2578 p.
394 2503 454 2561 265
476 2520 503 2562 ν.
527 2498 674 2577 Σήσαμοι
696 2500 748 2563 καί
763 2499 928 2579 Ἐρυθίνοι
948 2500 1050 2581 χωρία
1071 2501 1247 2581 Παφλαγο-

106 2597 194 2677 νίας·
228 2598 287 2676 οθς
306 2598 498 2678 Ἐρυθίνους
531 2599 636 2679 φησὶν
654 2599 844 2682 Ἀντίμαχος
877 2602 930 2667 διὰ
962 2602 1020 2680 τὴν
1050 2602 1248 2684 ἐρυθρότητα

106 2699 160 2763 καὶ
182 2699 234 2765 διὰ
255 2699 314 2777 τὴν
337 2698 489 2778 τοιαύτην
511 2701 633 2780 χροίαν.
688 2706 881 2781 Significatur
914 2710 971 2784 Ap,
993 2728 1019 2768 v.
1042 2708 1070 2764 11
1094 2712 1164 2786 941,
1196 2709 1248 2767 ubi

105 2804 245 2863 scholion
267 2805 373 2863 similia
395 2806 533 2882 praebet,
561 2809 618 2865 sed
640 2808 736 2866 multo
752 2810 938 2882 accuratius3
962 2812 1032 2868 dest
1045 2819 1147 2869 autem
1162 2812 1248 2869 Anti-

104 2906 206 2964 machi
228 2893 444 2967 testimonium.
486 2909 565 2966 Illud
586 2905 638 2970 καὶ
658 2907 711 2970 διὰ
733 2907 792 2985 τὴν
813 2907 1091 2990 τοιαύτηνχχροίαν
1106 2920 1182 2988 post
1196 2908 1249 2972 διὰ

104 3005 166 3081 τὴν
186 3003 385 3084 ἐρυθρότητα
408 3027 670 3086 supervacaneum
686 3021 742 3087 est,
766 3014 822 3070 sed
837 3014 1021 3087 intellegitur
1036 3031 1072 3070 ex
1088 3031 1137 3083 e0,
1165 3014 1249 3090 quod

104 3110 137 3168 in
159 3110 274 3167 scholio
296 3111 418 3186 legitur:
451 3107 536 3172 οὕτω
559 3110 595 3175 δὲ
618 3110 766 3185 λέγονται
801 3111 852 3175 διὰ
880 3112 938 3189 τὴν
970 3111 1167 3200 ἐρυθρότητα
1189 3116 1247 3176 τοῦ

104 3205 290 3286 χρώματος·
316 3206 379 3272 εἰσὶ
398 3209 459 3288 γὰρ
481 3213 633 3277 τοιοῦτοι.
659 3247 697 3255 —
720 3215 767 3274 Et.
793 3216 834 3274 M.
851 3218 976 3304 566,29
1001 3236 1025 3278 v.
1042 3212 1248 3292 λιμενηόχον·

106 3306 278 3387 ,,γναμψαν
298 3308 516 3388 Ἀμαζονίδων
543 3311 658 3376 ἓίιαθεν
677 3313 868 3392 λιμειηόχον
884 3312 1004 3394 ἄκρην“
1028 3316 1133 3395 (quem
1148 3318 1249 3376 locum

106 3413 197 3470 addit
219 3412 291 3472 Mill.
313 3433 343 3490 p.
367 3411 452 3490 206).
496 3412 516 3491 ἡ
537 3404 726 3493 Ἡράκλειος
748 3413 843 3494 ἄκρα·
870 3415 980 3494 ἐπειδὴ
1001 3418 1070 3494 τοῖς
1093 3417 1248 3482 πλέουσιν

105 3508 174 3574 ἀπὸ
190 3510 338 3590 Σινώπης
361 3512 451 3593 μέχρι
465 3512 710 3593 Τραπεζοῦντος
732 3521 790 3595 τῆς
805 3516 960 3595 Κολχικῆς
982 3516 1035 3580 ἐπὶ
1055 3516 1248 3596 τρισχιλίους

105 3611 262 3689 σταδίους
284 3612 391 3692 (λιμὴν
415 3619 521 3694 supple
544 3637 581 3676 ex
604 3618 733 3695 scholio)
768 3615 868 3697 ἄλλος
896 3617 956 3697 οὐχ
978 3617 1141 3684 ὑπόκειται
1164 3619 1247 3696 πλὴν

105 3715 165 3776 τοῦ
189 3713 269 3776 κατὰ
291 3713 348 3776 τὸν
367 3706 555 3792 Ἡράκλειον
589 3716 720 3796 κόλπον.
771 3724 871 3781 Recte
905 3724 1144 3798 promunturium
1172 3722 1248 3782 illud

105 3816 281 3874 nominatur
301 3806 488 3896 Ἡράκλειος
512 3815 602 3898 ἄκρα,
637 3824 722 3898 quod
751 3824 784 3881 in
805 3831 910 3881 nostro
933 3823 1049 3882 scholio
1072 3827 1112 3882 ad
1134 3825 1165 3883 ΙΙ
1187 3826 1246 3884 965

75 3944 78 3949 .
106 3936 172 3975 non
194 3926 304 3979 exstat.
348 3918 511 3980 Praeterea
534 3940 662 3982 necesse
685 3933 732 3982 est
756 3943 825 3982 cum
845 3925 893 3986 Et.
907 3925 948 3986 M.
971 3927 1062 3983 inseri
1083 3925 1154 4000 τοῖς
1175 3922 1248 3987 πλέ-

105 4029 191 4088 ουσι,
214 4022 298 4095 quod
318 4023 387 4080 dest
408 4024 440 4081 in
460 4024 584 4095 scholio,
617 4035 649 4082 et
670 4044 725 4102 pro
747 4020 813 4086 ἀπὸ
837 4023 1018 4102 τρισχιλίων
1040 4024 1190 4102 σταδίων,
1214 4037 1247 4087 ut

107 4120 218 4196 legitur
238 4120 270 4179 in
292 4122 418 4198 scholio,
441 4125 531 4183 scribi
553 4123 604 4187 ἐπὶ
626 4124 822 4203 τρισχιλίους
843 4125 1006 4204 σταδίους.
