2938 4922
636 273 795 328 41¹·

182 525 185 532 ὲ
409 453 458 514 Ει.
481 452 524 512 M.
549 453 619 526 173,
644 454 682 514 16
706 471 733 512 v.
758 444 930 524 αὐτόγυον.

198 552 305 633 ,,Πρός
342 550 463 615 δὲκαὶ
493 547 654 632 αῦτόγυον
690 551 847 628 στιβαροῦ
878 544 1068 627 -ἀδάμαντος
1101 545 1242 626 ἄροτρον

94 656 231 734 ἤλασεν,
252 643 367 736 Ἠελίῳ
388 651 486 717 τίνων
508 648 630 730 χάριν“.
674 649 734 714 δύο
757 647 828 728 εἴδη
848 647 930 714 εἰσὶν
950 647 1106 730 ἀρότρων.
1128 649 1180 713 καὶ
1204 649 1242 713 τὸ

97 759 157 835 μέν
179 757 321 819 καλείτω
341 750 474 832 πηκτόν,
496 753 535 816 τό
557 753 593 818 δέ
616 749 786 827 αὐτόγυον.
820 749 931 814 καὶτὸ
954 751 1012 829 μέν
1028 750 1063 813 ἐκ
1077 752 1243 830 συμβολῆς

96 857 202 922 ξύλων
224 855 300 935 ἔχον
321 855 359 920 τὸ
382 853 483 930 ἔλυμα
506 854 649 918 καλεῖται
670 849 802 931 πηκτόν,
835 852 875 915 τό
905 850 963 916 τὸν
991 851 1072 931 γύην
1100 867 1243 930 προσπε-

96 958 225 1036 πηγότα
258 955 343 1035 ἔχον.
383 955 420 1018 τό
453 955 489 1018 δὲ
519 954 554 1040 ἐξ
587 953 663 1032 ἑνὸς
694 951 790 1018 ξύλου
821 951 897 1031 ἔχον
918 951 956 1016 τό
979 951 1080 1030 ἔλυμα
1102 954 1244 1016 καλεῖται

96 1058 270 1134 αὐτόγυον.
307 1057 345 1120 τό
375 1058 412 1121 δέ
442 1055 542 1133 ἔλυμα
571 1054 667 1119 ξύλον
706 1053 810 1132 ἐστίν,
844 1052 890 1132 εἰς
923 1053 941 1116 ὃ
970 1053 989 1131 ἡ
1020 1052 1091 1132 ὕνις
1124 1056 1241 1132 σιδηρᾶ

95 1159 184 1226 οὖσα
218 1156 372 1222 ἐντίθεται
405 1157 457 1221 καὶ
492 1159 551 1232 τὴν
582 1159 643 1232 γῆν
678 1153 789 1232 σχίζει.
830 1153 849 1216 ὃ
889 1155 924 1218 δὲ
958 1157 1067 1231 κρατεῖ
1103 1153 1122 1218 δ
1152 1152 1242 1231 άρῶν

95 1262 240 1326 καλεῖται
262 1258 385 1336 ἐχέτλη.
422 1255 467 1320 Τὸ
489 1259 524 1320 δέ
540 1256 593 1320 διὰ
614 1258 673 1320 τοῦ
694 1254 854 1334 ἐλύματος
877 1254 1129 1335 διαβεβλημένον
1150 1253 1243 1320 ξυλό-

96 1380 179 1440 ριον,
203 1358 248 1437 εἰς
270 1359 289 1422 ὃ
310 1359 332 1436 ἡ
356 1358 468 1438 ἐχέτλη
491 1356 642 1428 καθίεται,
675 1354 766 1433 ἀλύη.
790 1356 827 1419 τὸ
850 1358 886 1418 δέ
908 1355 1003 1420 ξύλον
1025 1356 1063 1419 τὸ
1084 1354 1149 1420 ἀπό
1168 1355 1244 1446 τού·

95 1481 157 1526 του
179 1459 350 1538 γινόμενον
370 1458 421 1522 ἐπὶ
442 1459 520 1535 τοῦς
541 1460 620 1537 βοῦς
642 1456 732 1534 γύης,
758 1457 796 1520 τὸ
818 1458 853 1521 δὲ
869 1454 934 1520 ἀπὸ
955 1461 1014 1521 τοῦ
1030 1457 1110 1533 γύου
1125 1455 1170 1535 εἰς
1186 1456 1243 1522 τόν

98 1557 199 1637 ζυγὸν
220 1559 402 1640 ίστοβοεύς.
424 1562 482 1623 τοῦ
505 1560 542 1622 δέ
566 1544 663 1636 ζυγοῦ
687 1557 727 1620 τὰ
749 1558 897 1635 τιθέμενα
931 1558 982 1622 ἐπὶ
1002 1559 1080 1636 τοὺς
1102 1557 1244 1638 αὐχένας

96 1667 166 1727 τῶν
190 1665 276 1740 βοιῦν
298 1660 329 1726 οἱ
352 1663 409 1738 μὲν
429 1661 574 1739 ζεύγλας,
597 1658 628 1722 οἱ
649 1659 684 1723 δέ
706 1658 825 1738 βοείας,
847 1657 878 1722 ολ
900 1660 936 1723 δέ
960 1659 1109 1739 μέσσαβα
1132 1661 1244 1724 καλού-

97 1779 162 1828 σιν.
209 1761 338 1839 [Ούτως
372 1760 505 1848 σχόλιον
534 1758 631 1839 εὗρον
660 1758 706 1840 εἰς
734 1759 774 1822 τὰ
808 1751 1042 1838 Ἀργοναυτικύ
1077 1765 1149 1826 add.
1170 1764 1244 1826 Mill.

99 1889 129 1944 u
153 1864 222 1948 54]-

511 2017 609 2078 Schol.
631 2019 690 2092 Ap.
712 2010 847 2077 111‘232.

201 2119 303 2198 ,πρὸς
332 2118 368 2182 δὲ
400 2117 452 2180 καί
480 2114 642 2190 αὐτόγυον
678 2113 865 2194 στιβαροῦίί.
911 2115 971 2179 δύο
992 2113 1140 2194 ἀρότρων
1163 2099 1245 2179 εἰσίν

99 2217 238 2298 εἴδη,τό
262 2220 318 2297 μὲν
340 2218 473 2296 πηκτόν,
495 2217 533 2280 τὸ
556 2218 592 2280 δὲ
615 2215 784 2291 αὐτόγυον.
807 2216 930 2294 πηκτὸν
951 2218 1009 2294 μέν
1023 2216 1061 2280 τὸ
1077 2217 1112 2280 ἐκ
1126 2221 1246 2296 συμβο·
1313 2235 1316 2245 “

99 2325 162 2398 λῆς
186 2319 262 2398 ἔχον
286 2320 323 2384 τό
346 2319 453 2398 ἔλυμα.
486 2318 556 2382 ἔστι
578 2319 614 2382 δέ
636 2316 674 2381 τὸ
696 2316 806 2396 ἔλυμα,
842 2317 878 2382 ἐν
899 2317 926 2402 ᾧ
947 2316 967 2395 ἡ
987 2317 1058 2397 ύνις
1081 2318 1245 2383 ἐντίθεται.

98 2423 139 2485 τὸ
162 2422 200 2485 δέ
223 2421 318 2484 Ξύλον
340 2420 378 2483 τὸ
401 2419 465 2484 ἀπὸ
488 2422 547 2483 τοῦ
569 2419 729 2497 ἐλύματος
750 2421 856 2483 τεῖνον
884 2418 936 2482 ἐπὶ
957 2421 1036 2499 τοῦς
1060 2421 1140 2500 βόας
1165 2421 1245 2499 γύης

99 2523 252 2598 καλεῖται,
274 2521 312 2585 τό
334 2523 371 2585 δέ
394 2519 458 2586 ἀπὸ
480 2523 538 2584 τοῦ
560 2520 640 2596 γύου
660 2519 842 2599 ίστοβοεύς.
870 2523 929 2585 τοῦ
952 2522 988 2585 δέ
1011 2525 1109 2597 ζυγοῦ
1130 2522 1170 2586 τὰ
1193 2521 1244 2585 ἐπὶ

97 2622 179 2700 τοῦς
201 2621 340 2700 αὐχένας
360 2625 425 2690 τιῦν
451 2624 536 2701 βοῶν
559 2621 760 2699 ἐπιτιθέμενα
780 2619 810 2684 οἱ
833 2623 891 2700 μὲν
906 2621 1051 2700 ζεύγλας,
1075 2621 1105 2685 οἱ
1120 2623 1156 2686 δέ
1172 2623 1245 2700 μέσ-

98 2727 189 2802 σαβα
203 2721 367 2797 λέγουσιν.
389 2723 448 2800 τήν
470 2724 507 2787 δέ
529 2721 732 2799 κατασκευὴν
754 2724 820 2786 τῶν
835 2718 985 2800 ἀρότρων
1001 2721 1245 2804 Ἐρατοσθένης

102 2824 141 2888 ἐν
162 2828 208 2906 τῷ
226 2823 488 2904 Ἀρχιτεκτονικῷ
511 2821 721 2902 καταγράφει.
1166 2855 1170 2863 ·

101 2983 242 3056 Apparet
264 2989 455 3057 quantopere
477 2981 508 3037 in
529 2979 642 3037 nostris
658 2977 778 3036 scholiis
795 2979 879 3037 locus
894 2979 932 3036 sit
948 2980 1132 3040 decurtatus.
1156 2979 1246 3052 Quae

101 3099 175 3140 vero
197 3099 278 3140 nova
298 3083 451 3139 accedunt
473 3081 608 3156 optimae
630 3096 700 3138 esse
721 3079 880 3138 doctrinae
903 3081 990 3139 testis
1016 3090 1064 3140 est
1087 3081 1193 3141 Pollux
1215 3083 1247 3141 in

101 3181 215 3243 Onom.
237 3182 252 3239 1
275 3184 345 3258 252,
380 3183 432 3240 ubi
455 3183 495 3241 de
517 3181 609 3240 aratri
629 3181 793 3256 generibus
816 3189 848 3238 et
871 3183 1099 3242 constructione
1119 3184 1247 3242 similem

100 3286 134 3340 in
155 3283 283 3342 modum
304 3292 399 3360 atque
422 3273 471 3342 hic
494 3285 593 3360 agitur
625 3283 790 3360 omniaque
813 3284 964 3342 vocabula
990 3283 1112 3362 propria
1134 3287 1246 3344 eodem

100 3393 198 3462 atque
231 3385 280 3443 hic
301 3403 393 3444 sensu
423 3384 622 3461 explicantur,
658 3392 692 3441 ut
714 3382 874 3441 verisimile
904 3383 956 3445 fiat
976 3383 1090 3443 Polluci
1112 3387 1246 3446 eundem

100 3487 220 3544 sontem
243 3485 371 3544 subesse
397 3503 487 3560 quem
515 3485 669 3559 Apollonii
691 3484 816 3559 scholio,
848 3484 1059 3544 Eratosthenis
1090 3486 1245 3546 Architec-

98 3585 245 3645 tonicum.
715 3579 719 3588 ’

203 3686 250 3746 Ει.
273 3685 315 3746 M.
340 3689 410 3761 213,
434 3688 473 3747 49
497 3707 523 3748 v.
546 3673 666 3762 Βριμυί·
688 3683 708 3761 ἡ
733 3682 949 3762 Περσεφόνη·
970 3682 990 3761 ἡ
1012 3685 1049 3748 δέ
1064 3684 1144 3762 αὐτη
1156 3686 1247 3763 λέγε·

100 3804 155 3848 ται
175 3783 228 3850 καί
248 3781 376 3861 Ἑκάτη.
397 3783 622 3862 Ἀπολλώνιος
655 3784 785 3864 „Bornos
807 3784 999 3851 νυκτίπολον
1026 3789 1157 3867 χθονίην
1179 3789 1246 3854 ἐνέ-
1312 3859 1315 3870 .

102 3896 208 3963 ροισιν
231 3881 411 3949 ἄνασσαν“.
452 3877 574 3963 Ἑρμῆν
612 3884 791 3962 ἐρασθέντα
823 3884 875 3949 ἐπὶ
899 3887 1093 3964 κυνηγεσίαν
1115 3889 1246 3972 ἐξιούση

100 3988 238 4064 θελῆσαι
261 3986 369 4064 βιαίως
391 3989 547 4066 μιχθῆναι,
566 3986 587 4066 ἡ
610 3988 647 4051 δέ
664 3986 896 4066 ἐνεβριμήσατο
918 3987 1022 4074 αὐτῷ·
1045 3988 1064 4053 δ
1086 3991 1123 4054 δὲ
1144 3996 1246 4071 φοβη-

100 4087 170 4166 θεὶς
194 4085 371 4166 ἀπετράπη.
396 4087 448 4153 καὶ
469 4086 619 4152 ἐντεῦθεν
634 4087 740 4166 Βριμὼ
761 4088 1020 4170 προσηγορεύθη.
1052 4095 1138 4152 ldem
1153 4095 1248 4154 habet

101 4191 205 4251 Tanta.
228 4193 270 4248 ad
284 4190 432 4269 Lycophr.
456 4195 516 4252 698
532 4201 564 4250 et
579 4194 669 4266 1176,
693 4193 759 4250 sine
782 4191 875 4251 dubio
899 4211 938 4250 ex
960 4195 1008 4254 Et.
1023 4193 1065 4254 M.
1082 4204 1245 4271 sumptum.

102 4291 247 4352 Scholion
270 4301 406 4352 nostrum
435 4293 476 4349 ad
498 4295 599 4351 locum
636 4293 688 4368 qui
720 4294 752 4351 in
775 4293 825 4354 Et.
847 4293 889 4353 M.
911 4296 1073 4372 adponitur
1096 4291 1151 4372 (ΙΙΙ
1173 4293 1247 4372 862)

101 4394 163 4450 alia
185 4393 352 4472 veriloquia
373 4394 517 4469 praebet3
555 4396 612 4452 sed
645 4394 718 4470 quin
753 4394 814 4452 hoc
837 4411 970 4471 quoqne
994 4397 1077 4472 prius
1099 4397 1178 4454 inter
1196 4397 1248 4457 illa

101 4493 201 4568 suerit,
232 4511 417 4570 quamquam
438 4495 469 4552 in
491 4505 628 4556 nostrum
662 4496 800 4556 scholion
830 4496 923 4556 inseri
952 4499 1013 4556 iam
1044 4514 1107 4556 non
1134 4506 1246 4576 potest,
