2938 4922
790 256 822 309 18

232 433 323 494 schol.
345 434 404 510 Ap.
427 433 556 503 Ι1387;
580 433 630 496 Et.
651 433 693 493 M.
717 437 786 504 210,
810 435 847 494 18
871 453 896 496 v.
921 432 1087 514 βουτύπος·
1106 446 1137 497 et
1159 439 1252 501 schol.
1275 443 1373 520 Ap.II

232 537 286 606 90;
309 533 358 594 Et.
382 533 425 594 M.
447 535 516 604 735,
540 536 579 594 44
606 553 631 595 v.
654 531 823 610 συνοίμιον
847 545 879 594 et
901 536 992 598 schol.
1021 537 1078 614 Ap.
1100 539 1131 596 Π
1158 543 1228 619 161;
1259 543 1308 606 Et.
1329 545 1372 604 Μ.

230 635 301 705 625,
325 637 363 696 37
385 655 413 695 ν.
434 629 600 710 ὁμώλακες
623 629 709 713 (Μ111.
734 654 764 712 p.
787 637 847 696 225
871 639 959 697 addit
980 638 1037 716 Ap.
1061 642 1192 716 versum)
1219 651 1251 701 et
1274 645 1371 706 schol.

230 738 288 812 Ap.
311 730 436 812 11:39&
471 735 519 796 Et.
543 735 585 795 M.
603 735 670 806 783,
687 737 733 803 32
756 756 784 798 ν.
808 731 1052 815 ὑποσμύχονται
1085 749 1118 800 et
1140 743 1233 805 schol.
1256 747 1314 822 Ap.
1336 748 1371 806 ΙΙ

228 840 302 910 445,
325 837 397 898 Mill.
420 856 450 914 p.
475 838 534 896 312
558 851 584 902 v.
606 837 686 912 χρῇν
708 846 740 896 et
761 839 855 900 schol.
876 841 934 916 Ap.
957 840 986 898 Π
1009 843 1087 916 624;
1110 845 1161 908 Et.
1183 843 1225 908 M.
1248 849 1318 924 707,
1330 851 1372 910 20

227 959 255 1000 ν.
278 933 460 1014 Σαγγάριος
483 946 514 996 et
534 937 628 998 schol.
650 937 707 1013 Ap.
727 938 756 996 11
779 941 853 1013 722;
885 941 935 1001 Et.
957 941 999 1004 M.
1021 945 1092 1021 330,
1117 948 1156 1007 18
1179 966 1205 1010 v.
1228 945 1370 1012 ἑλειονό-

228 1058 288 1118 μος
309 1049 341 1100 et
362 1041 455 1101 schol.
481 1040 540 1116 Ap.
562 1039 688 1115 118213
727 1040 774 1100 Et.
798 1041 839 1101 M.
865 1043 936 1115 506,
960 1045 999 1104 57
1024 1046 1095 1106 adn.
1118 1067 1143 1108 v.
1166 1051 1313 1126 κευθμῶν
1336 1049 1371 1116 ἐξ

228 1139 360 1205 ὑπάτων
382 1151 415 1201 et
436 1141 532 1201 schol.
555 1142 616 1218 Ap.
638 1141 680 1198 iII
709 1143 801 1212 1213;
836 1143 884 1200 Ει.
917 1143 958 1206 M.
988 1147 1058 1222 292,
1082 1150 1119 1208 32
1140 1167 1166 1210 v.
1179 1150 1368 1230 δυσπαλέας

226 1241 314 1326 ῥίζας
336 1253 368 1303 et
387 1243 480 1304 schol.
501 1245 558 1319 Ap.
583 1242 700 1316 1V523
724 1245 774 1303 Et.
795 1244 837 1312 M.
856 1247 925 1321 180,
950 1247 988 1306 32
1010 1267 1036 1311 v.
1049 1244 1195 1325 ἀχαιῑνέα
1219 1263 1249 1310 et
1272 1255 1368 1313 schol.

225 1347 281 1422 Ap.
304 1345 348 1403 IV
371 1347 444 1421 1753
466 1345 515 1405 Et.
538 1344 581 1406 M.
604 1345 676 1416 536,
699 1348 737 1404 34
762 1364 789 1404 ν.
810 1349 938 1428 κρεγμῷ
971 1357 1002 1406 et
1024 1350 1117 1412 schol.
1139 1353 1197 1428 Ap.
1220 1352 1263 1410 IV
1286 1357 1366 1425 909;

224 1447 273 1508 Et.
295 1447 338 1506 M.
361 1448 431 1517 497,
456 1448 495 1506 24
518 1465 545 1506 ν.
561 1440 721 1522 κατουλὰς
746 1453 777 1504 et
801 1447 894 1506 schol.
918 1450 975 1524 Ap.
991 1449 1143 1526 1V16953
1166 1453 1239 1514 Mili.
1261 1474 1291 1531 p.
1305 1457 1366 1516 226

97 1621 101 1628 .
224 1567 251 1610 v.
273 1544 393 1624 Ὀποῦς
416 1555 448 1606 et
468 1547 565 1606 schol.
588 1549 645 1624 Ap.
668 1547 714 1606 IV
740 1550 829 1610 1780.

324 1649 387 1710 Sed
410 1649 481 1708 alibi
500 1667 564 1707 non
585 1666 684 1725 aeque
707 1650 845 1708 videmus
868 1651 916 1712 Et.
939 1651 980 1713 M.
995 1654 1157 1712 convenire
1181 1675 1250 1716 cum
1273 1659 1365 1718 scho-

224 1751 269 1809 liis
292 1750 414 1810 nostris.
459 1749 552 1808 Cuius
573 1751 616 1807 rei
640 1767 719 1827 quae
742 1751 780 1808 sit
802 1767 904 1826 causa,
928 1745 1098 1812 accuratius
1120 1773 1267 1831 quaerere
1281 1779 1367 1818 nunc

223 1862 361 1912 nostrum
382 1851 449 1920 erit,
471 1869 511 1909 ne
533 1851 655 1910 scholiis
681 1852 879 1911 obtrudamus
902 1871 980 1929 quae
1002 1873 1166 1931 numquam
1188 1859 1219 1916 in
1238 1859 1273 1946 iis
1297 1861 1365 1919 iue-

221 1955 289 2014 rint.
332 1953 379 2011 Ac
393 1953 522 2030 primum
537 1952 659 2028 quidem
673 1953 807 2010 nascitur
821 1937 954 2030 suspicio
970 1957 1186 2032 etymologum,
1203 1963 1287 2036 quod
1301 1981 1368 2022 non

222 2057 255 2112 id
276 2056 398 2133 agebat,
421 2063 452 2112 ot
473 2053 594 2123 scholia,
617 2054 675 2112 sed
697 2061 730 2111 ut
752 2055 871 2113 lexicon
893 2067 1103 2134 componeret,
1138 2060 1190 2117 ubi
1221 2062 1250 2119 ei
1283 2064 1367 2121 vide·

222 2159 310 2217 batur
331 2157 399 2214 usui
421 2173 497 2230 esse,
531 2155 707 2224 mutavisse,
739 2157 895 2236 adiecisse,
919 2159 1095 2234 dempsisse.
1151 2161 1191 2220 Et
1224 2165 1365 2224 videmus

223 2275 373 2336 persaepe
393 2259 475 2316 illum
498 2256 547 2338 iis,¹
565 2274 645 2333 quae
665 2257 736 2314 alibi
758 2259 882 2332 invenit,
916 2260 1069 2336 Apollonii
1090 2247 1210 2322 versum
1232 2268 1366 2342 exempli

224 2380 314 2422 causa
334 2362 462 2437 addere,
484 2357 606 2434 saepius
630 2377 667 2418 ex
688 2359 808 2417 scholiis
828 2360 938 2418 hausta
957 2361 992 2419 iis
1014 2379 1094 2439 quae
1114 2382 1152 2420 ex
1185 2364 1250 2424 aliis
1272 2365 1369 2425 fonti-

221 2465 279 2521 bus
301 2462 436 2538 sumpsit,
469 2468 522 2518 aut
544 2461 665 2519 adicere
690 2467 743 2518 aut
765 2461 855 2534 plane
877 2461 1057 2540 immiscere,
1092 2464 1226 2540 denique
1247 2468 1367 2545 aliquot

220 2564 304 2637 locis,
334 2564 384 2622 ubi
418 2564 531 2622 nullum
553 2562 669 2620 invenit
692 2561 842 2631 scholion,
876 2563 975 2638 ipsum
998 2565 1283 2641 interpretationem
1305 2570 1366 2628 sibi

218 2667 343 2742 fingere.
377 2665 466 2738 Quae
489 2664 608 2740 singula
628 2662 762 2722 breviter
783 2662 962 2723 illustranda
975 2673 1057 2736 sunt,
1080 2669 1223 2742 quoniam
1239 2671 1362 2730 novisse

218 2768 376 2845 quomodo
397 2766 448 2826 ille
471 2766 674 2842 exscripserit,
695 2767 879 2840 permultum
900 2767 1172 2840 nostraintererit.

317 2869 442 2928 Illorum
464 2868 608 2944 locorum,
631 2867 684 2924 ubi
694 2867 850 2942 Apollonii
864 2886 966 2926 versus
982 2867 1183 2944 proferuntur,
1204 2879 1237 2928 ut
1253 2889 1364 2931 exem·

217 2973 267 3046 pla
289 2977 491 3047 apponantur,
515 2969 587 3028 satis
611 2976 657 3026 est
679 2985 794 3044 paucos
817 2969 975 3028 denotare.
1020 2969 1270 3050 inuentae,
1295 2975 1356 3036 281

182 3083 183 3088 ’
217 3090 275 3130 vox
296 3067 402 3148 ἱμονιά
425 3071 578 3128 derivatur
600 3087 619 3127 a
641 3069 734 3126 verbo
754 3064 830 3145 ἱμάς
846 3079 876 3127 et
892 3069 1039 3128 adicitur:
1068 3067 1120 3132 καὶ
1135 3068 1284 3148 κέχρηται
1306 3073 1361 3137 καὶ

215 3169 431 3247 Ἀπολλώνιος
452 3157 711 3247 Ἀργοναυτικοῖς
734 3164 875 3248 ,,ἱμᾶσι“,
907 3173 992 3245 quod
1027 3171 1222 3232 referendum
1246 3184 1292 3235 est
1316 3181 1360 3237 ad

217 3276 274 3351 Ap.
297 3274 327 3334 II
351 3277 401 3336 67.
443 3273 481 3332 In
505 3273 553 3331 Et.
575 3272 616 3333 M.
647 3273 717 3345 115,
742 3273 782 3331 40
816 3271 856 3327 de
885 3273 968 3330 verbi
1002 3265 1167 3334 ἀνώιστον
1189 3276 1361 3353 veriloquio

216 3375 323 3434 dicitur
347 3375 474 3434 similem
497 3376 529 3431 in
550 3375 677 3431 modum
698 3380 790 3447 atque
813 3373 844 3429 in
866 3372 915 3433 Et.
929 3372 1012 3433 Gud.
1026 3375 1076 3440 62,
1092 3375 1121 3444 7,
1145 3376 1261 3434 deinde
1276 3380 1361 3438 testi·

215 3478 350 3536 monium
371 3478 485 3553 petitur
508 3493 545 3533 ex
567 3477 624 3550 Ap.
647 3494 674 3536 v.
698 3475 803 3543 1680,
836 3473 888 3551 qui
920 3491 1022 3532 versus
1045 3474 1184 3536 nimirum
1219 3479 1308 3538 deest
1329 3481 1362 3538 in

214 3579 263 3639 Et.
289 3579 371 3638 Gud.
428 3579 519 3637 Plura
554 3573 695 3651 exempla
727 3593 904 3634 enumerare
937 3577 1063 3651 longum
1092 3586 1148 3651 est,
1189 3595 1361 3654 quaecum

215 3699 316 3759 neque
337 3681 368 3738 in
388 3679 510 3739 Orionis
532 3679 630 3736 lexico
655 3695 755 3752 neque
777 3677 807 3735 in
830 3677 878 3738 Et.
908 3677 990 3740 Gud.
1013 3679 1213 3756 inveniantur,
1243 3684 1282 3740 ab
1306 3682 1357 3744 Et.

217 3784 261 3846 M.
282 3792 408 3841 auctore
430 3789 539 3841 notata
558 3798 627 3840 esse
649 3779 843 3856 perspicuum
867 3787 924 3838 est.
968 3779 1009 3836 Et
1030 3779 1079 3838 hic
1101 3781 1268 3857 periculum
1293 3801 1359 3842 non

215 3893 264 3944 est
285 3902 438 3962 magnum,
468 3901 507 3940 ne
531 3882 606 3940 falso
629 3881 768 3941 scholion
790 3881 917 3939 subesse
939 3880 1103 3950 existimes,
1139 3884 1210 3959 quia
1231 3901 1279 3941 res
1301 3884 1360 3944 illic

215 3988 354 4065 prolatae
376 3986 556 4063 plerumque
585 3984 668 4042 nullo
690 3969 786 4041 morlo
808 3983 959 4058 pertinent
989 3983 1031 4040 ad
1052 3983 1206 4058 Apollonii
1240 3985 1358 4062 locum,

215 4107 305 4166 quem
326 4087 428 4164 potius
451 4086 581 4162 exempli
605 4102 696 4144 causa
726 4082 867 4143 additum
901 4100 969 4141 esse
990 4083 1088 4158 primo
1124 4093 1249 4161 aspectu
1270 4086 1360 4146 intel·

213 4190 306 4266 legas·
597 4182 618 4206 Γ

313 4290 437 4349 Cautius
460 4309 530 4349 vero
554 4291 708 4366 agendum
730 4297 779 4348 est
798 4289 853 4347 iilis
868 4289 952 4365 locis,
975 4289 1026 4346 ubi
1042 4299 1130 4364 parte
1146 4290 1250 4348 scholii
1262 4291 1359 4367 Apol-

212 4392 326 4451 loniani
349 4392 381 4450 in
403 4393 451 4453 Et.
473 4391 515 4452 M.
539 4392 697 4468 recognita
719 4399 859 4449 nostrum
889 4399 934 4450 est
955 4390 1100 4468 iudicare,
1133 4401 1232 4450 utrum
1253 4401 1360 4452 cetera

129 4475 131 4484 .
214 4510 336 4570 quoque
358 4512 397 4551 ex
420 4492 540 4551 scholiis
565 4492 713 4566 originem
737 4494 849 4550 ducere
872 4501 1013 4566 putemus
1028 4511 1136 4554 necne.
1166 4493 1265 4552 Huius
1281 4511 1359 4570 quo-
